3900 5762
834 434 989 561 *ra-

212 683 297 772 tus3
345 699 420 780 per
460 685 649 756 sanetum
693 671 951 780 Stephanum
991 701 1131 780 regem
1169 675 1210 755 in
1254 671 1508 756 Pannoniam
1551 683 1613 758 est

209 794 423 877 deductus.
456 793 546 877 Non
579 807 720 876 tamen
752 795 829 878 iste
862 795 997 905 Gyula
1008 792 1037 904 ¹)
1072 797 1324 904 capitaneus,
1346 797 1418 880 scd
1454 798 1507 879 ab
1540 797 1611 878 illo

210 916 365 998 tertius.

580 1141 690 1225 XVI.
723 1136 928 1238 Quartus
956 1142 1239 1246 capitaneus.

362 1366 505 1464 Quarti
537 1369 741 1476 siquidem
775 1371 978 1478 capitanei
1010 1373 1262 1454 vocabulum
1279 1367 1453 1480 fuerat²)
1473 1371 1606 1475 Cimo,

207 1492 326 1576 euius
365 1489 473 1572 filius
505 1491 649 1600 Knsyd
691 1505 733 1573 et
772 1491 931 1601 Cupan,
965 1495 1036 1601 qui
1079 1520 1206 1602 prope
1239 1493 1325 1603 Nyr
1366 1493 1494 1576 fixere
1534 1522 1611 1578 sua

208 1628 351 1716 castra,
385 1611 526 1718 ibique
559 1625 652 1721 post
682 1615 937 1721 baptismum
971 1617 1267 1700 monasterium
1298 1616 1540 1698 fundauere.

576 1891 705 1975 XVII.
738 1885 936 1987 Quintus
972 1889 1254 1994 capitaneus.

230 2128 235 2136 ’
364 2119 445 2202 Sed
479 2119 648 2228 quintus
680 2121 777 2203 Leel
810 2135 873 2204 est
903 2121 1141 2204 nominatus
1174 2122 1245 2230 qui
1277 2120 1504 2204 messianus
1537 2148 1569 2204 s.
1579 2115 1611 2229 ³)

206 2242 453 2326 Bobernicos
485 2242 536 2323 de
564 2243 750 2350 partibus
768 2243 940 2350 Golgate
958 2244 1131 2350 expulit,
1149 2245 1290 2351 ibique
1308 2244 1462 2326 diutius
1480 2259 1612 2326 castra

206 2377 387 2448 metatus
427 2365 555 2447 fuisse
595 2365 847 2472 perhibetur.
887 2366 953 2448 Ex
993 2365 1071 2450 isto
1114 2364 1282 2475 quidem
1315 2366 1449 2448 Zuard
1486 2366 1614 2449 oritur

204 2487 427 2594 generatio,
460 2487 549 2570 siue
581 2487 773 2595 prosapia
805 2502 846 2569 et
878 2488 1001 2596 origo.

575 2765 724 2850 XVIII.
761 2759 931 2845 Sextus
963 2761 1247 2868 capitaneus.

363 2993 515 3076 Sextus
556 2993 796 3102 capitaneus
838 2993 1095 3077 Werbulchu
1135 3020 1289 3076 nomen
1337 2993 1494 3098 habuit,
1541 2993 1611 3102 qui

205 3116 315 3198 eirca
347 3114 525 3198 Balatun
557 3141 633 3199 sua
665 3116 963 3199 thabernacula
993 3116 1134 3200 fixisse
1169 3119 1378 3225 probatur.

595 3377 706 3460 XIX.
742 3373 911 3456 Vll-ue
946 3373 1229 3479 capitaneus.

366 3601 575 3712 Septimus
608 3604 849 3714 capitaneus
865 3604 944 3689 Vrs
976 3605 1136 3690 dicitur.
1153 3605 1276 3690 Istius
1308 3604 1511 3715 siquidem
1540 3632 1610 3712 ge-

207 3726 367 3810 neratio
398 3724 504 3836 Saye
535 3727 674 3810 locum
707 3722 942 3837 habebatl)

365 3849 458 3930 Alie
490 3875 588 3931 vero
620 3850 916 3956 generationes,
945 3877 1027 3958 que
1059 3877 1209 3957 genere
1242 3863 1340 3934 sunt
1372 3849 1458 3934 istis
1491 3875 1611 3958 pares

208 3984 250 4054 et
266 3971 515 4074 consimiles,
533 3984 784 4080 acceperunt
808 3973 886 4056 sibi
907 3972 1046 4055 locum
1074 3986 1115 4055 et
1131 3973 1378 4058 descensum
1398 3972 1450 4055 ad
1468 3998 1610 4054 eorum

207 4093 532 4202 beneplacitum.
550 4093 656 4177 Cum
687 4094 811 4200 igitur
842 4094 1006 4177 codices
1039 4095 1208 4202 quidam
1231 4095 1481 4197 contineant,
1499 4095 1609 4202 quod

209 4217 286 4325 ipsi
319 4216 524 4324 capitanei
564 4229 724 4325 septem
757 4217 1012 4299 Pannoniam
1055 4216 1294 4318 introierint,
1328 4229 1370 4298 et
1400 4215 1612 4322 Hungaria

210 4365 263 4420 ex
295 4337 395 4447 ipsis
427 4338 524 4421 solis
558 4338 667 4420 edita
698 4339 750 4421 sit
782 4353 825 4420 et
854 4339 1060 4449 plantata:
1093 4339 1205 4422 unde
1238 4365 1333 4445 ergo
1351 4339 1465 4420 venit
1485 4365 1611 4444 genc-

208 4461 310 4544 ratio
343 4461 460 4543 Alius
492 4459 572 4542 Bor
603 4458 697 4570 (27)
731 4461 835 4564 Abe,
868 4461 1127 4568 aliorumque
1171 4461 1373 4544 nobilium
1404 4459 1611 4566 hungaro-

205 4611 309 4688 rum,
343 4611 439 4666 cum
473 4608 617 4665 omnes
649 4583 715 4666 isti
747 4610 831 4665 non
863 4583 1046 4692 hospites
1078 4583 1151 4666 sed
1184 4583 1235 4664 de
1262 4581 1400 4692 Scytia
1433 4582 1609 4665 descen·

206 4705 380 4789 derunt?
416 4705 641 4813 Assignant
672 4705 782 4787 enim
809 4707 917 4788 hanc
943 4705 1143 4788 rationem
1166 4706 1295 4788 solam
1314 4731 1441 4812 quam
1458 4704 1610 4810 uulgus

207 4893 413 4904 ——n--ae-—a

312 4963 338 5059 ¹)
367 4965 407 5040 Τ.
434 4962 560 5060 ubique
591 4965 752 5061 ,ΘΗΜ
784 4965 916 5042 scribib.
947 4961 975 5058 ¹)
1003 4965 1090 5041 fuer.
1111 4966 1228 5042 recab.
1247 4959 1274 5064 ³)
1291 4962 1433 5039 scilicet.
1450 4962 1609 5057 ⁴)habet.
