3896 5758
826 453 888 537 alt

166 693 286 776 cium.
320 689 521 786 Quamuis
555 685 665 768 enim
698 683 823 770 Cesar
839 688 880 768 in
899 685 1063 794 propria
1094 711 1271 792 persona
1295 713 1377 768 non
1396 689 1569 768 uenerat

166 842 290 923 super
319 839 473 920 regem,
516 809 759 892 uniuersum
802 811 888 890 fere
929 809 1055 890 robur
1096 808 1211 913 regni
1247 808 1567 891 Teutonicornm

168 938 217 1019 ad
250 934 541 1042 extirpandum
573 929 826 1035 Hungariam
860 945 1154 1012 commoneret.
1203 929 1395 1013 Herricus
1429 951 1566 1014 autem

167 1059 334 1167 quidam
368 1057 455 1138 dux
489 1053 666 1155 Austrie,
715 1053 951 1161 principalis
983 1053 1243 1135 aduersarius
1276 1054 1392 1160 regis,
1426 1082 1570 1135 omncs

164 1181 382 1264 bellatores
415 1178 466 1258 de
500 1174 681 1257 Saxonia
713 1194 754 1258 et
786 1177 837 1256 de
858 1175 1191 1258 Bauariasecum
1211 1175 1443 1259 adduxerat
1479 1176 1572 1257 Erat

166 1303 275 1384 enim
307 1317 419 1383 tutor
450 1293 638 1406 pnpilli¹)
673 1295 789 1381 ducis
821 1297 978 1380 Herrici
1011 1297 1170 1400 Leonis,
1215 1299 1282 1380 eui
1318 1297 1499 1380 Saxonia
1532 1319 1574 1380 et

165 1424 340 1507 Bauaria
385 1420 631 1503 hereditario
675 1423 965 1530 conpetebant.
1016 1417 1259 1526 Congregati
1302 1436 1400 1504 sunt
1430 1422 1571 1528 itaque

166 1545 364 1628 teutonici
395 1545 438 1624 in
470 1539 736 1627 multitudine
768 1541 1017 1626 fortitudinis
1050 1570 1124 1624 sue
1157 1543 1424 1646 confidentes,
1458 1558 1500 1624 et
1519 1543 1572 1626 si-

167 1683 236 1750 eut
267 1679 467 1776 gygantes
499 1677 702 1746 steterunt
743 1683 886 1748 contra
928 1666 1146 1770 hungaros.
1179 1663 1269 1746 Rex
1302 1681 1442 1747 autem
1476 1693 1572 1748 eum

166 1791 361 1874 uniuerso
395 1787 582 1869 exercitu
614 1812 690 1867 suo
723 1790 861 1898 posuit
893 1816 1010 1896 spem
1043 1813 1162 1870 suam
1194 1788 1236 1869 in
1269 1788 1359 1892 deo,
1393 1802 1435 1870 et
1466 1788 1573 1869 orrli·

167 1913 272 1996 natis
305 1910 539 2017 agminibus
576 1907 685 2014 cepit
717 1914 776 1994 ire
809 1925 951 1993 contra
982 1910 1121 1992 hostes
1153 1936 1263 1993 suos.
1281 1909 1360 1992 Sed
1381 1925 1422 1993 et
1438 1937 1574 1994 sacer·

169 2035 284 2117 dotes
318 2046 359 2114 et
390 2032 519 2113 leuite
552 2038 775 2145 cunctique
809 2033 945 2115 clerici
978 2033 1049 2142 qui
1066 2032 1238 2114 aderant
1253 2032 1295 2114 in
1312 2033 1457 2141 spiritu
1475 2060 1573 2115 con·

169 2157 367 2239 tribulato
401 2168 442 2235 et
473 2152 596 2235 corde
628 2158 802 2240 contrito
834 2156 1112 2265 implorabant
1143 2155 1392 2238 adiutorium
1419 2155 1575 2238 domini

169 2278 295 2363 nostri
326 2277 424 2360 Iesu
454 2274 615 2376 Christi,
649 2295 691 2364 et
732 2278 910 2388 presidia
951 2291 1187 2362 sanctorum
1236 2278 1490 2385 angelorum,
1535 2291 1577 2359 et

171 2401 354 2484 maxime
385 2399 639 2482 inuocabant
670 2402 942 2486 clemenciam
974 2400 1040 2481 dei
1071 2400 1277 2506 genitricis
1301 2401 1471 2507 uirginis
1487 2399 1575 2482 Ma·

175 2525 243 2628 rie,
277 2523 396 2606 cuius
429 2521 654 2630 patrocinio
686 2527 834 2608 beatus
851 2551 925 2605 rex
944 2519 1178 2631 Stephanus
1209 2521 1463 2630 Hungariam
1482 2549 1576 2632 spe-

174 2646 329 2729 cialiter
360 2642 681 2732 commendauit.
728 2648 819 2730 Rex
851 2660 992 2730 autem
1033 2645 1243 2729 accinctus
1277 2660 1340 2730 est
1370 2646 1504 2754 gladio
1538 2659 1578 2726 et

173 2769 299 2876 gloria
338 2766 507 2848 Domini
549 2772 740 2882 apparuit
780 2797 905 2878 super
947 2795 1056 2871 eum,
1109 2768 1469 2878 confortatumque
1517 2783 1580 2852 est

172 2892 280 2974 illico
324 2915 394 2971 cor
441 2890 529 2972 eius
577 2887 787 2994 diuinitus
830 2906 872 2973 et
902 2891 991 2999 ipse
1032 2891 1237 2973 robustior
1277 2893 1410 2975 factus
1452 2918 1577 2998 quam

173 3015 298 3122 prius,
342 3012 571 3094 exhilarata
603 3031 665 3100 est
702 3016 829 3099 facies
871 3015 970 3117 eius,
1020 3025 1062 3094 et
1101 3023 1211 3096 totus
1251 3015 1389 3097 alacer
1419 3013 1506 3096 ibat
1536 3015 1579 3096 in

173 3135 363 3246 prelium.
397 3133 588 3241 Cumque
620 3137 994 3248 appropinquasset
1025 3134 1198 3238 Guneel,
1231 3137 1401 3244 quidam
1433 3147 1579 3218 auten·

173 3259 280 3341 ticus
314 3256 387 3365 qui
417 3271 638 3362 utramque
669 3261 854 3366 linguam
888 3285 1031 3340 eorum
1064 3258 1172 3340 bene
1206 3273 1388 3363 nouerat,
1432 3260 1580 3341 nunci-

174 3382 260 3464 euit
293 3379 389 3484 regi,
422 3377 534 3487 quod
567 3385 775 3468 exercitus
807 3380 1112 3464 teutonicorum
1146 3383 1507 3490 appropinquaret.
1529 3380 1580 3462 Et

177 3503 283 3585 dixit
325 3502 529 3608 optimum
576 3521 743 3615 tempus
792 3532 882 3588 esse
925 3503 1008 3610 regi
1040 3515 1088 3585 ut
1119 3502 1290 3585 irrueret
1330 3532 1456 3611 super
1497 3529 1579 3604 eoS,

175 3626 273 3734 quia
306 3625 430 3732 pauci
461 3634 570 3734 sunt,
604 3642 645 3711 et
676 3655 759 3711 non
792 3652 948 3730 omnes,
982 3650 1086 3734 quos
1120 3625 1160 3706 in
1193 3625 1441 3710 adiutorium
1457 3652 1582 3709 roca·

175 3759 324 3830 uetant
354 3747 579 3834 uenissent.
612 3751 729 3832 Tunc
762 3777 836 3831 rex
869 3776 964 3829 cum
998 3747 1110 3829 omni
1143 3748 1329 3830 exercitu
1361 3774 1437 3831 suo
1463 3776 1581 3830 acce·

176 3868 324 3952 lerauit
364 3895 490 3977 super
533 3902 603 3958 eos
645 3887 757 3956 trans
799 3885 931 3954 metas
963 3869 1185 3976 Hungarie.
1232 3870 1448 3954 Teutonici
1484 3897 1582 3952 vero

177 3991 297 4102 quasi
329 4005 527 4100 gygantes
559 3996 839 4103 obstupebant
868 3993 909 4074 in
942 3994 1059 4101 equis
1092 3991 1230 4075 arduis
1248 4006 1289 4074 et
1316 3993 1493 4102 optimis,
1512 4021 1581 4076 su-

178 4113 296 4222 perbi
337 4128 379 4193 et
420 4115 620 4202 abusione
669 4117 912 4199 insultantes
960 4114 1219 4224 impetebant
1265 4115 1499 4224 Hungaros‚
1532 4127 1580 4197 ut

179 4235 441 4318 contumeliis
474 4242 559 4324 suis
592 4256 787 4322 terrorem
821 4238 878 4320 eis
911 4237 1154 4320 incuterent.
1187 4237 1372 4345 Hungari
1405 4264 1501 4321 vero
1528 4264 1583 4318 ex

179 4359 356 4441 aduerso
388 4364 829 4473 appropinquanerunt
861 4360 912 4440 ad
930 4359 1118 4467 prelium,
1138 4372 1179 4440 et
1196 4359 1465 4444 intonuerunt
1481 4361 1583 4443 buc·

180 4481 295 4580 einis,
329 4495 371 4562 et
402 4481 649 4570 clanxerunt
681 4483 873 4583 classicis,
892 4494 933 4563 et
950 4481 1237 4565 clamauerunt
1258 4483 1309 4564 ad
1342 4481 1582 4586 Dominum,

181 4619 222 4686 et
254 4603 410 4686 clamor
449 4607 765 4690 uociferantium
805 4603 991 4688 aseendit
1022 4606 1064 4688 in
1097 4605 1232 4687 celum
1267 4617 1309 4690 et
1341 4605 1583 4712 belligeren-

180 4728 285 4810 tium
320 4741 362 4806 et
392 4731 658 4813 commissum
694 4741 755 4808 est
786 4727 976 4835 prelium.
1019 4727 1177 4810 Bisseni
1211 4753 1310 4810 uero
1343 4727 1512 4836 pessimi
1545 4739 1587 4808 et

292 4983 318 5084 ¹)
347 4988 453 5085 popli.
483 4989 563 5064 ooo.
