<?xml version="1.0" encoding="UTF-8"?>
<!DOCTYPE html PUBLIC "-//W3C//DTD XHTML 1.0 Transitional//EN"
    "http://www.w3.org/TR/xhtml1/DTD/xhtml1-transitional.dtd">
<html xmlns="http://www.w3.org/1999/xhtml" xml:lang="en" lang="en">
 <head>
  <title>
</title>
<meta http-equiv="Content-Type" content="text/html;charset=utf-8" />
  <meta name='ocr-system' content='tesseract 3.04.00' />
  <meta name='ocr-capabilities' content='ocr_page ocr_carea ocr_par ocr_line ocrx_word'/>
</head>
<body>
  <div class='ocr_page' id='page_1' title='image "./chronicahungaro00florgoog_0265.png"; bbox 0 0 3898 5752; ppageno 0'>
   <div class='ocr_carea' id='block_1_1' title="bbox 1011 427 1167 532">
    <p class='ocr_par' dir='ltr' id='par_1_1' title="bbox 1011 427 1167 532">
     <span class='ocr_line' id='line_1_1' title="bbox 1011 427 1167 532; baseline 0 -34"><span class='ocrx_word' id='word_1_1' title='bbox 1011 427 1167 532; x_wconf 57' lang='lat' dir='ltr'>...Q</span> 
     </span>
    </p>
   </div>
   <div class='ocr_carea' id='block_1_2' title="bbox 383 643 1793 5018">
    <p class='ocr_par' dir='ltr' id='par_1_2' title="bbox 383 643 1793 5018">
     <span class='ocr_line' id='line_1_2' title="bbox 385 643 1779 754; baseline 0.001 -29"><span class='ocrx_word' id='word_1_2' title='bbox 385 643 594 726; x_wconf 83' lang='lat' dir='ltr'>Andream</span> <span class='ocrx_word' id='word_1_3' title='bbox 629 647 834 728; x_wconf 90' lang='lat' dir='ltr'>occideret</span> <span class='ocrx_word' id='word_1_4' title='bbox 864 648 998 753; x_wconf 81' lang='lat' dir='ltr'>gladio</span> <span class='ocrx_word' id='word_1_5' title='bbox 1031 673 1115 730; x_wconf 89' lang='lat' dir='ltr'>uno</span> <span class='ocrx_word' id='word_1_6' title='bbox 1149 647 1227 728; x_wconf 89' lang='lat' dir='ltr'>die.</span> <span class='ocrx_word' id='word_1_7' title='bbox 1261 646 1338 742; x_wconf 82' lang='lat' dir='ltr'>Qui</span> <span class='ocrx_word' id='word_1_8' title='bbox 1363 647 1594 730; x_wconf 84' lang='lat' dir='ltr'>Felicianus</span> <span class='ocrx_word' id='word_1_9' title='bbox 1613 645 1779 754; x_wconf 82' lang='lat' dir='ltr'>perbla-</span> 
     </span>
     <span class='ocr_line' id='line_1_3' title="bbox 384 768 1778 878; baseline 0.002 -29"><span class='ocrx_word' id='word_1_10' title='bbox 384 768 527 849; x_wconf 90' lang='lat' dir='ltr'>tbeum</span> <span class='ocrx_word' id='word_1_11' title='bbox 562 768 612 847; x_wconf 88' lang='lat' dir='ltr'>de</span> <span class='ocrx_word' id='word_1_12' title='bbox 645 769 878 850; x_wconf 78' lang='lat' dir='ltr'>&#39;Frincbinio</span> <span class='ocrx_word' id='word_1_13' title='bbox 913 771 1120 876; x_wconf 93' lang='lat' dir='ltr'>quondam</span> <span class='ocrx_word' id='word_1_14' title='bbox 1159 770 1383 878; x_wconf 88' lang='lat' dir='ltr'>palatinum</span> <span class='ocrx_word' id='word_1_15' title='bbox 1403 771 1537 857; x_wconf 90' lang='lat' dir='ltr'>fuerat</span> <span class='ocrx_word' id='word_1_16' title='bbox 1570 769 1778 852; x_wconf 83' lang='lat' dir='ltr'>exaltatus</span> 
     </span>
     <span class='ocr_line' id='line_1_4' title="bbox 385 889 1779 996; baseline 0 -27"><span class='ocrx_word' id='word_1_17' title='bbox 385 890 512 996; x_wconf 77' lang='lat'>(142)</span> <span class='ocrx_word' id='word_1_18' title='bbox 546 890 729 970; x_wconf 79' lang='lat' dir='ltr'>Tandem</span> <span class='ocrx_word' id='word_1_19' title='bbox 780 892 920 972; x_wconf 89' lang='lat' dir='ltr'>relicto</span> <span class='ocrx_word' id='word_1_20' title='bbox 968 891 1133 971; x_wconf 79' lang='lat' dir='ltr'>Matheo</span> <span class='ocrx_word' id='word_1_21' title='bbox 1182 907 1354 974; x_wconf 89' lang='lat' dir='ltr'>uenerat</span> <span class='ocrx_word' id='word_1_22' title='bbox 1386 892 1436 971; x_wconf 88' lang='lat' dir='ltr'>ad</span> <span class='ocrx_word' id='word_1_23' title='bbox 1471 917 1622 994; x_wconf 69' lang='lat' dir='ltr'>regern.</span> <span class='ocrx_word' id='word_1_24' title='bbox 1656 889 1779 985; x_wconf 83' lang='lat' dir='ltr'>Quem</span> 
     </span>
     <span class='ocr_line' id='line_1_5' title="bbox 385 1012 1781 1118; baseline 0.003 -28"><span class='ocrx_word' id='word_1_25' title='bbox 385 1039 459 1090; x_wconf 80' lang='lat' dir='ltr'>rex</span> <span class='ocrx_word' id='word_1_26' title='bbox 492 1012 601 1116; x_wconf 83' lang='lat' dir='ltr'>regio</span> <span class='ocrx_word' id='word_1_27' title='bbox 633 1013 775 1094; x_wconf 88' lang='lat' dir='ltr'>fauore</span> <span class='ocrx_word' id='word_1_28' title='bbox 808 1013 993 1118; x_wconf 85' lang='lat' dir='ltr'>diligens,</span> <span class='ocrx_word' id='word_1_29' title='bbox 1027 1040 1172 1095; x_wconf 85' lang='lat' dir='ltr'>securo</span> <span class='ocrx_word' id='word_1_30' title='bbox 1205 1015 1404 1118; x_wconf 81' lang='lat' dir='ltr'>ingressu,</span> <span class='ocrx_word' id='word_1_31' title='bbox 1433 1014 1537 1118; x_wconf 81' lang='lat' dir='ltr'>regis</span> <span class='ocrx_word' id='word_1_32' title='bbox 1557 1013 1781 1094; x_wconf 87' lang='lat' dir='ltr'>ianuaabs-</span> 
     </span>
     <span class='ocr_line' id='line_1_6' title="bbox 386 1134 1782 1241; baseline 0.001 -30"><span class='ocrx_word' id='word_1_33' title='bbox 386 1160 467 1239; x_wconf 89' lang='lat' dir='ltr'>que</span> <span class='ocrx_word' id='word_1_34' title='bbox 501 1134 618 1214; x_wconf 87' lang='lat' dir='ltr'>obice</span> <span class='ocrx_word' id='word_1_35' title='bbox 651 1135 727 1214; x_wconf 90' lang='lat' dir='ltr'>sibi</span> <span class='ocrx_word' id='word_1_36' title='bbox 762 1136 939 1241; x_wconf 90' lang='lat' dir='ltr'>patebat.</span> <span class='ocrx_word' id='word_1_37' title='bbox 994 1135 1116 1215; x_wconf 89' lang='lat' dir='ltr'>Porro</span> <span class='ocrx_word' id='word_1_38' title='bbox 1159 1163 1252 1216; x_wconf 88' lang='lat' dir='ltr'>oum</span> <span class='ocrx_word' id='word_1_39' title='bbox 1299 1161 1371 1214; x_wconf 78' lang='lat' dir='ltr'>rex</span> <span class='ocrx_word' id='word_1_40' title='bbox 1406 1163 1490 1215; x_wconf 91' lang='lat' dir='ltr'>una</span> <span class='ocrx_word' id='word_1_41' title='bbox 1523 1163 1617 1215; x_wconf 89' lang='lat' dir='ltr'>cunr</span> <span class='ocrx_word' id='word_1_42' title='bbox 1651 1135 1782 1238; x_wconf 82' lang='lat' dir='ltr'>regina</span> 
     </span>
     <span class='ocr_line' id='line_1_7' title="bbox 386 1253 1782 1361; baseline 0 -27"><span class='ocrx_word' id='word_1_43' title='bbox 386 1271 426 1334; x_wconf 90' lang='lat' dir='ltr'>et</span> <span class='ocrx_word' id='word_1_44' title='bbox 457 1255 550 1336; x_wconf 88' lang='lat' dir='ltr'>filiis</span> <span class='ocrx_word' id='word_1_45' title='bbox 583 1255 666 1337; x_wconf 90' lang='lat' dir='ltr'>suis</span> <span class='ocrx_word' id='word_1_46' title='bbox 699 1257 867 1361; x_wconf 87' lang='lat' dir='ltr'>prefatis</span> <span class='ocrx_word' id='word_1_47' title='bbox 901 1282 1009 1337; x_wconf 86' lang='lat' dir='ltr'>anno</span> <span class='ocrx_word' id='word_1_48' title='bbox 1043 1257 1197 1337; x_wconf 91' lang='lat' dir='ltr'>domini</span> <span class='ocrx_word' id='word_1_49' title='bbox 1228 1255 1541 1337; x_wconf 70' lang='lat' dir='ltr'>trasenna-0</span> <span class='ocrx_word' id='word_1_50' title='bbox 1562 1255 1684 1335; x_wconf 60' lang='lat' dir='ltr'>xro</span> <span class='ocrx_word' id='word_1_51' title='bbox 1703 1253 1782 1336; x_wconf 87' lang='lat' dir='ltr'>Kal.</span> 
     </span>
     <span class='ocr_line' id='line_1_8' title="bbox 385 1375 1783 1484; baseline 0 -29"><span class='ocrx_word' id='word_1_52' title='bbox 385 1375 479 1483; x_wconf 89' lang='lat' dir='ltr'>May</span> <span class='ocrx_word' id='word_1_53' title='bbox 519 1376 619 1456; x_wconf 82' lang='lat' dir='ltr'>seria</span> <span class='ocrx_word' id='word_1_54' title='bbox 660 1392 805 1482; x_wconf 90' lang='lat' dir='ltr'>quarta</span> <span class='ocrx_word' id='word_1_55' title='bbox 847 1395 938 1484; x_wconf 88' lang='lat' dir='ltr'>post</span> <span class='ocrx_word' id='word_1_56' title='bbox 979 1393 1147 1460; x_wconf 89' lang='lat' dir='ltr'>octauas</span> <span class='ocrx_word' id='word_1_57' title='bbox 1188 1379 1314 1459; x_wconf 85' lang='lat' dir='ltr'>Pasce</span> <span class='ocrx_word' id='word_1_58' title='bbox 1356 1379 1397 1457; x_wconf 95' lang='lat' dir='ltr'>in</span> <span class='ocrx_word' id='word_1_59' title='bbox 1439 1379 1638 1458; x_wconf 89' lang='lat' dir='ltr'>suburbio</span> <span class='ocrx_word' id='word_1_60' title='bbox 1673 1378 1783 1458; x_wconf 85' lang='lat' dir='ltr'>castri</span> 
     </span>
     <span class='ocr_line' id='line_1_9' title="bbox 386 1497 1784 1606; baseline -0.001 -28"><span class='ocrx_word' id='word_1_61' title='bbox 386 1497 633 1605; x_wconf 82' lang='lat' dir='ltr'>Wyssegrad</span> <span class='ocrx_word' id='word_1_62' title='bbox 669 1499 709 1578; x_wconf 92' lang='lat' dir='ltr'>in</span> <span class='ocrx_word' id='word_1_63' title='bbox 749 1500 872 1579; x_wconf 90' lang='lat' dir='ltr'>domo</span> <span class='ocrx_word' id='word_1_64' title='bbox 915 1525 992 1581; x_wconf 87' lang='lat' dir='ltr'>sua</span> <span class='ocrx_word' id='word_1_65' title='bbox 1042 1500 1270 1606; x_wconf 79' lang='lat' dir='ltr'>pranderet,</span> <span class='ocrx_word' id='word_1_66' title='bbox 1320 1517 1414 1579; x_wconf 91' lang='lat' dir='ltr'>ante</span> <span class='ocrx_word' id='word_1_67' title='bbox 1457 1500 1562 1603; x_wconf 86' lang='lat' dir='ltr'>regis</span> <span class='ocrx_word' id='word_1_68' title='bbox 1606 1525 1784 1580; x_wconf 89' lang='lat' dir='ltr'>mensam</span> 
     </span>
     <span class='ocr_line' id='line_1_10' title="bbox 387 1615 1786 1724; baseline 0.001 -25"><span class='ocrx_word' id='word_1_69' title='bbox 387 1619 493 1700; x_wconf 85' lang='lat' dir='ltr'>elam</span> <span class='ocrx_word' id='word_1_70' title='bbox 526 1621 796 1701; x_wconf 88' lang='lat' dir='ltr'>subintrando</span> <span class='ocrx_word' id='word_1_71' title='bbox 830 1622 938 1701; x_wconf 92' lang='lat' dir='ltr'>idem</span> <span class='ocrx_word' id='word_1_72' title='bbox 973 1615 1203 1703; x_wconf 78' lang='lat' dir='ltr'>Felicianus</span> <span class='ocrx_word' id='word_1_73' title='bbox 1237 1621 1373 1718; x_wconf 87' lang='lat' dir='ltr'>astitit,</span> <span class='ocrx_word' id='word_1_74' title='bbox 1402 1621 1786 1724; x_wconf 85' lang='lat' dir='ltr'>etenaginatoacn·</span> 
     </span>
     <span class='ocr_line' id='line_1_11' title="bbox 383 1740 1786 1850; baseline -0.003 -26"><span class='ocrx_word' id='word_1_75' title='bbox 383 1742 541 1824; x_wconf 87' lang='lat' dir='ltr'>tissimo</span> <span class='ocrx_word' id='word_1_76' title='bbox 573 1741 718 1845; x_wconf 83' lang='lat' dir='ltr'>gladio,</span> <span class='ocrx_word' id='word_1_77' title='bbox 768 1743 1134 1824; x_wconf 86' lang='lat' dir='ltr'>uehementissime</span> <span class='ocrx_word' id='word_1_78' title='bbox 1179 1744 1338 1850; x_wconf 89' lang='lat' dir='ltr'>impetn</span> <span class='ocrx_word' id='word_1_79' title='bbox 1372 1760 1484 1823; x_wconf 89' lang='lat' dir='ltr'>more</span> <span class='ocrx_word' id='word_1_80' title='bbox 1518 1744 1630 1828; x_wconf 86' lang='lat' dir='ltr'>canis</span> <span class='ocrx_word' id='word_1_81' title='bbox 1662 1740 1786 1822; x_wconf 87' lang='lat' dir='ltr'>rabidi</span> 
     </span>
     <span class='ocr_line' id='line_1_12' title="bbox 384 1863 1786 1970; baseline 0.001 -29"><span class='ocrx_word' id='word_1_82' title='bbox 384 1863 743 1944; x_wconf 77' lang='lat' dir='ltr'>inmisericorditer</span> <span class='ocrx_word' id='word_1_83' title='bbox 791 1891 929 1969; x_wconf 81' lang='lat' dir='ltr'>regem</span> <span class='ocrx_word' id='word_1_84' title='bbox 974 1867 1156 1970; x_wconf 86' lang='lat' dir='ltr'>reginam</span> <span class='ocrx_word' id='word_1_85' title='bbox 1198 1865 1387 1970; x_wconf 87' lang='lat' dir='ltr'>filiosque</span> <span class='ocrx_word' id='word_1_86' title='bbox 1431 1865 1563 1946; x_wconf 88' lang='lat' dir='ltr'>uoluit</span> <span class='ocrx_word' id='word_1_87' title='bbox 1596 1864 1786 1969; x_wconf 85' lang='lat' dir='ltr'>iugulare.</span> 
     </span>
     <span class='ocr_line' id='line_1_13' title="bbox 385 1984 1788 2092; baseline 0 -28"><span class='ocrx_word' id='word_1_88' title='bbox 385 1984 464 2064; x_wconf 87' lang='lat' dir='ltr'>Sed</span> <span class='ocrx_word' id='word_1_89' title='bbox 500 1985 776 2066; x_wconf 86' lang='lat' dir='ltr'>misericordia</span> <span class='ocrx_word' id='word_1_90' title='bbox 811 1987 1081 2068; x_wconf 88' lang='lat' dir='ltr'>misericordis</span> <span class='ocrx_word' id='word_1_91' title='bbox 1114 1987 1179 2067; x_wconf 89' lang='lat' dir='ltr'>dei</span> <span class='ocrx_word' id='word_1_92' title='bbox 1213 1987 1469 2092; x_wconf 82' lang='lat' dir='ltr'>prohibente,</span> <span class='ocrx_word' id='word_1_93' title='bbox 1516 1985 1627 2092; x_wconf 87' lang='lat' dir='ltr'>qnod</span> <span class='ocrx_word' id='word_1_94' title='bbox 1663 1984 1788 2066; x_wconf 90' lang='lat' dir='ltr'>uoluit</span> 
     </span>
     <span class='ocr_line' id='line_1_14' title="bbox 385 2107 1789 2215; baseline 0 -29"><span class='ocrx_word' id='word_1_95' title='bbox 385 2132 466 2186; x_wconf 96' lang='lat' dir='ltr'>non</span> <span class='ocrx_word' id='word_1_96' title='bbox 500 2107 634 2213; x_wconf 89' lang='lat' dir='ltr'>potuit</span> <span class='ocrx_word' id='word_1_97' title='bbox 667 2108 831 2188; x_wconf 84' lang='lat' dir='ltr'>effectui</span> <span class='ocrx_word' id='word_1_98' title='bbox 865 2110 1112 2215; x_wconf 87' lang='lat' dir='ltr'>mancipare.</span> <span class='ocrx_word' id='word_1_99' title='bbox 1157 2109 1312 2188; x_wconf 78' lang='lat' dir='ltr'>&#39;samen</span> <span class='ocrx_word' id='word_1_100' title='bbox 1348 2109 1453 2213; x_wconf 83' lang='lat' dir='ltr'>regis</span> <span class='ocrx_word' id='word_1_101' title='bbox 1486 2135 1657 2188; x_wconf 77' lang='lat' dir='ltr'>inanum</span> <span class='ocrx_word' id='word_1_102' title='bbox 1692 2108 1789 2187; x_wconf 82' lang='lat' dir='ltr'>dex·</span> 
     </span>
     <span class='ocr_line' id='line_1_15' title="bbox 386 2228 1789 2336; baseline -0.001 -27"><span class='ocrx_word' id='word_1_103' title='bbox 386 2243 514 2310; x_wconf 89' lang='lat' dir='ltr'>teram</span> <span class='ocrx_word' id='word_1_104' title='bbox 549 2229 696 2310; x_wconf 89' lang='lat' dir='ltr'>leuiter</span> <span class='ocrx_word' id='word_1_105' title='bbox 728 2228 976 2311; x_wconf 88' lang='lat' dir='ltr'>uulnerauit.</span> <span class='ocrx_word' id='word_1_106' title='bbox 1025 2229 1104 2314; x_wconf 81' lang='lat' dir='ltr'>Sed</span> <span class='ocrx_word' id='word_1_107' title='bbox 1148 2229 1248 2336; x_wconf 90' lang='lat' dir='ltr'>prob</span> <span class='ocrx_word' id='word_1_108' title='bbox 1284 2228 1417 2310; x_wconf 84' lang='lat' dir='ltr'>dolor!</span> <span class='ocrx_word' id='word_1_109' title='bbox 1450 2230 1589 2335; x_wconf 84' lang='lat' dir='ltr'>regine</span> <span class='ocrx_word' id='word_1_110' title='bbox 1623 2230 1789 2308; x_wconf 86' lang='lat' dir='ltr'>dextere</span> 
     </span>
     <span class='ocr_line' id='line_1_16' title="bbox 386 2351 1785 2459; baseline 0.001 -29"><span class='ocrx_word' id='word_1_111' title='bbox 386 2378 532 2432; x_wconf 88' lang='lat' dir='ltr'>manus</span> <span class='ocrx_word' id='word_1_112' title='bbox 566 2367 743 2457; x_wconf 89' lang='lat' dir='ltr'>quatuor</span> <span class='ocrx_word' id='word_1_113' title='bbox 784 2351 942 2456; x_wconf 66' lang='lat' dir='ltr'>digitos</span> <span class='ocrx_word' id='word_1_114' title='bbox 984 2378 1088 2459; x_wconf 85' lang='lat' dir='ltr'>quos</span> <span class='ocrx_word' id='word_1_115' title='bbox 1127 2353 1378 2458; x_wconf 86' lang='lat' dir='ltr'>pauperibus</span> <span class='ocrx_word' id='word_1_116' title='bbox 1413 2368 1453 2431; x_wconf 91' lang='lat' dir='ltr'>et</span> <span class='ocrx_word' id='word_1_117' title='bbox 1485 2351 1785 2432; x_wconf 80' lang='lat' dir='ltr'>miserabilibus</span> 
     </span>
     <span class='ocr_line' id='line_1_17' title="bbox 386 2473 1789 2580; baseline -0.003 -26"><span class='ocrx_word' id='word_1_118' title='bbox 386 2488 510 2580; x_wconf 90' lang='lat' dir='ltr'>atque</span> <span class='ocrx_word' id='word_1_119' title='bbox 544 2473 713 2555; x_wconf 88' lang='lat' dir='ltr'>abiectis</span> <span class='ocrx_word' id='word_1_120' title='bbox 747 2473 933 2580; x_wconf 89' lang='lat' dir='ltr'>personis</span> <span class='ocrx_word' id='word_1_121' title='bbox 970 2474 1283 2556; x_wconf 84' lang='lat' dir='ltr'>misericorditer</span> <span class='ocrx_word' id='word_1_122' title='bbox 1317 2474 1354 2554; x_wconf 94' lang='lat' dir='ltr'>in</span> <span class='ocrx_word' id='word_1_123' title='bbox 1391 2473 1626 2558; x_wconf 89' lang='lat' dir='ltr'>elemosinis</span> <span class='ocrx_word' id='word_1_124' title='bbox 1649 2485 1789 2552; x_wconf 79' lang='lat' dir='ltr'>exten-</span> 
     </span>
     <span class='ocr_line' id='line_1_18' title="bbox 386 2593 1790 2702; baseline 0 -28"><span class='ocrx_word' id='word_1_125' title='bbox 386 2597 522 2696; x_wconf 88' lang='lat' dir='ltr'>debat,</span> <span class='ocrx_word' id='word_1_126' title='bbox 558 2595 742 2700; x_wconf 88' lang='lat' dir='ltr'>protinus</span> <span class='ocrx_word' id='word_1_127' title='bbox 775 2596 1020 2701; x_wconf 89' lang='lat' dir='ltr'>amputauit.</span> <span class='ocrx_word' id='word_1_128' title='bbox 1055 2594 1158 2677; x_wconf 86' lang='lat' dir='ltr'>Cum</span> <span class='ocrx_word' id='word_1_129' title='bbox 1195 2597 1346 2702; x_wconf 86' lang='lat' dir='ltr'>quibus</span> <span class='ocrx_word' id='word_1_130' title='bbox 1380 2595 1501 2675; x_wconf 88' lang='lat' dir='ltr'>etiam</span> <span class='ocrx_word' id='word_1_131' title='bbox 1521 2596 1656 2700; x_wconf 84' lang='lat' dir='ltr'>digitis</span> <span class='ocrx_word' id='word_1_132' title='bbox 1676 2593 1790 2674; x_wconf 90' lang='lat' dir='ltr'>innu-</span> 
     </span>
     <span class='ocr_line' id='line_1_19' title="bbox 388 2717 1791 2824; baseline -0.001 -27"><span class='ocrx_word' id='word_1_133' title='bbox 388 2717 654 2797; x_wconf 88' lang='lat' dir='ltr'>merabilibus</span> <span class='ocrx_word' id='word_1_134' title='bbox 688 2717 872 2799; x_wconf 88' lang='lat' dir='ltr'>ecclesiis</span> <span class='ocrx_word' id='word_1_135' title='bbox 910 2735 1152 2824; x_wconf 89' lang='lat' dir='ltr'>paramenta</span> <span class='ocrx_word' id='word_1_136' title='bbox 1184 2718 1298 2798; x_wconf 88' lang='lat' dir='ltr'>naria</span> <span class='ocrx_word' id='word_1_137' title='bbox 1325 2718 1554 2798; x_wconf 79' lang='lat' dir='ltr'>consuebat</span> <span class='ocrx_word' id='word_1_138' title='bbox 1587 2732 1628 2797; x_wconf 88' lang='lat' dir='ltr'>et</span> <span class='ocrx_word' id='word_1_139' title='bbox 1660 2717 1791 2796; x_wconf 87' lang='lat' dir='ltr'>altari·</span> 
     </span>
     <span class='ocr_line' id='line_1_20' title="bbox 385 2839 1792 2946; baseline -0.001 -26"><span class='ocrx_word' id='word_1_140' title='bbox 385 2840 463 2920; x_wconf 91' lang='lat' dir='ltr'>bus</span> <span class='ocrx_word' id='word_1_141' title='bbox 496 2839 862 2946; x_wconf 78' lang='lat' dir='ltr'>sacerdotibusque</span> <span class='ocrx_word' id='word_1_142' title='bbox 882 2855 1124 2919; x_wconf 87' lang='lat' dir='ltr'>ornamenta</span> <span class='ocrx_word' id='word_1_143' title='bbox 1157 2839 1207 2919; x_wconf 90' lang='lat' dir='ltr'>de</span> <span class='ocrx_word' id='word_1_144' title='bbox 1242 2839 1435 2946; x_wconf 75' lang='lat' dir='ltr'>preciosis</span> <span class='ocrx_word' id='word_1_145' title='bbox 1454 2839 1646 2946; x_wconf 90' lang='lat' dir='ltr'>purpuris</span> <span class='ocrx_word' id='word_1_146' title='bbox 1663 2851 1792 2918; x_wconf 86' lang='lat' dir='ltr'>trans-</span> 
     </span>
     <span class='ocr_line' id='line_1_21' title="bbox 387 2959 1791 3068; baseline -0.003 -28"><span class='ocrx_word' id='word_1_147' title='bbox 387 2960 587 3062; x_wconf 86' lang='lat' dir='ltr'>mittebat,</span> <span class='ocrx_word' id='word_1_148' title='bbox 637 2977 677 3040; x_wconf 90' lang='lat' dir='ltr'>et</span> <span class='ocrx_word' id='word_1_149' title='bbox 720 2960 867 3041; x_wconf 85' lang='lat' dir='ltr'>calices</span> <span class='ocrx_word' id='word_1_150' title='bbox 911 2961 1127 3043; x_wconf 86' lang='lat' dir='ltr'>indefesse.</span> <span class='ocrx_word' id='word_1_151' title='bbox 1176 2960 1282 3042; x_wconf 87' lang='lat' dir='ltr'>Cum</span> <span class='ocrx_word' id='word_1_152' title='bbox 1322 2961 1443 3048; x_wconf 89' lang='lat' dir='ltr'>etiarn</span> <span class='ocrx_word' id='word_1_153' title='bbox 1482 2987 1630 3068; x_wconf 89' lang='lat' dir='ltr'>pueros</span> <span class='ocrx_word' id='word_1_154' title='bbox 1663 2959 1791 3064; x_wconf 82' lang='lat' dir='ltr'>regios</span> 
     </span>
     <span class='ocr_line' id='line_1_22' title="bbox 385 3082 1792 3189; baseline 0 -27"><span class='ocrx_word' id='word_1_155' title='bbox 385 3082 536 3162; x_wconf 85' lang='lat' dir='ltr'>ibidem</span> <span class='ocrx_word' id='word_1_156' title='bbox 572 3095 751 3163; x_wconf 87' lang='lat' dir='ltr'>astantes</span> <span class='ocrx_word' id='word_1_157' title='bbox 787 3083 911 3163; x_wconf 86' lang='lat' dir='ltr'>uellet</span> <span class='ocrx_word' id='word_1_158' title='bbox 944 3083 1143 3183; x_wconf 88' lang='lat' dir='ltr'>occidere,</span> <span class='ocrx_word' id='word_1_159' title='bbox 1186 3084 1385 3189; x_wconf 81' lang='lat' dir='ltr'>pedagogi</span> <span class='ocrx_word' id='word_1_160' title='bbox 1420 3109 1657 3188; x_wconf 90' lang='lat' dir='ltr'>puerorum,</span> <span class='ocrx_word' id='word_1_161' title='bbox 1679 3082 1792 3162; x_wconf 86' lang='lat' dir='ltr'>uide·</span> 
     </span>
     <span class='ocr_line' id='line_1_23' title="bbox 383 3203 1790 3312; baseline -0.002 -28"><span class='ocrx_word' id='word_1_162' title='bbox 383 3205 479 3285; x_wconf 91' lang='lat' dir='ltr'>licet</span> <span class='ocrx_word' id='word_1_163' title='bbox 509 3203 617 3285; x_wconf 87' lang='lat' dir='ltr'>filius</span> <span class='ocrx_word' id='word_1_164' title='bbox 651 3203 786 3312; x_wconf 85' lang='lat' dir='ltr'>Gynla</span> <span class='ocrx_word' id='word_1_165' title='bbox 818 3205 868 3283; x_wconf 89' lang='lat' dir='ltr'>de</span> <span class='ocrx_word' id='word_1_166' title='bbox 903 3205 1119 3302; x_wconf 84' lang='lat' dir='ltr'>Kenesicb,</span> <span class='ocrx_word' id='word_1_167' title='bbox 1154 3221 1195 3286; x_wconf 90' lang='lat' dir='ltr'>et</span> <span class='ocrx_word' id='word_1_168' title='bbox 1227 3204 1420 3285; x_wconf 85' lang='lat' dir='ltr'>Nicolaus</span> <span class='ocrx_word' id='word_1_169' title='bbox 1453 3205 1560 3286; x_wconf 85' lang='lat' dir='ltr'>lilius</span> <span class='ocrx_word' id='word_1_170' title='bbox 1595 3203 1790 3285; x_wconf 87' lang='lat' dir='ltr'>Iohannis</span> 
     </span>
     <span class='ocr_line' id='line_1_24' title="bbox 384 3326 1790 3432; baseline -0.004 -27"><span class='ocrx_word' id='word_1_171' title='bbox 384 3326 556 3406; x_wconf 88' lang='lat' dir='ltr'>Palatini</span> <span class='ocrx_word' id='word_1_172' title='bbox 593 3353 636 3407; x_wconf 89' lang='lat' dir='ltr'>se</span> <span class='ocrx_word' id='word_1_173' title='bbox 678 3328 997 3432; x_wconf 85' lang='lat' dir='ltr'>interponentes,</span> <span class='ocrx_word' id='word_1_174' title='bbox 1047 3327 1321 3408; x_wconf 89' lang='lat' dir='ltr'>euadentibus</span> <span class='ocrx_word' id='word_1_175' title='bbox 1365 3327 1502 3432; x_wconf 86' lang='lat' dir='ltr'>pneris</span> <span class='ocrx_word' id='word_1_176' title='bbox 1542 3326 1790 3426; x_wconf 75' lang='lat' dir='ltr'>memoratis,</span> 
     </span>
     <span class='ocr_line' id='line_1_25' title="bbox 384 3447 1793 3554; baseline -0.001 -27"><span class='ocrx_word' id='word_1_177' title='bbox 384 3448 559 3529; x_wconf 88' lang='lat' dir='ltr'>letaliter</span> <span class='ocrx_word' id='word_1_178' title='bbox 593 3448 863 3529; x_wconf 89' lang='lat' dir='ltr'>unlnerantur</span> <span class='ocrx_word' id='word_1_179' title='bbox 897 3449 934 3527; x_wconf 94' lang='lat' dir='ltr'>in</span> <span class='ocrx_word' id='word_1_180' title='bbox 971 3448 1117 3554; x_wconf 87' lang='lat' dir='ltr'>capite.</span> <span class='ocrx_word' id='word_1_181' title='bbox 1167 3449 1283 3528; x_wconf 81' lang='lat' dir='ltr'>Tunc</span> <span class='ocrx_word' id='word_1_182' title='bbox 1317 3447 1520 3530; x_wconf 84' lang='lat' dir='ltr'>Iohannes</span> <span class='ocrx_word' id='word_1_183' title='bbox 1552 3447 1662 3529; x_wconf 88' lang='lat' dir='ltr'>filius</span> <span class='ocrx_word' id='word_1_184' title='bbox 1700 3447 1793 3526; x_wconf 73' lang='lat' dir='ltr'>ale·</span> 
     </span>
     <span class='ocr_line' id='line_1_26' title="bbox 387 3569 1792 3676; baseline -0.001 -28"><span class='ocrx_word' id='word_1_185' title='bbox 387 3571 530 3650; x_wconf 82' lang='lat' dir='ltr'>xarnlri</span> <span class='ocrx_word' id='word_1_186' title='bbox 570 3571 621 3649; x_wconf 90' lang='lat' dir='ltr'>dc</span> <span class='ocrx_word' id='word_1_187' title='bbox 656 3570 853 3650; x_wconf 89' lang='lat' dir='ltr'>comitatu</span> <span class='ocrx_word' id='word_1_188' title='bbox 897 3571 1113 3676; x_wconf 79' lang='lat' dir='ltr'>potolrensi</span> <span class='ocrx_word' id='word_1_189' title='bbox 1154 3572 1260 3650; x_wconf 79' lang='lat' dir='ltr'>borm</span> <span class='ocrx_word' id='word_1_190' title='bbox 1303 3569 1449 3650; x_wconf 82' lang='lat' dir='ltr'>indolis</span> <span class='ocrx_word' id='word_1_191' title='bbox 1484 3569 1646 3650; x_wconf 89' lang='lat' dir='ltr'>iuuenis</span> <span class='ocrx_word' id='word_1_192' title='bbox 1683 3569 1792 3650; x_wconf 88' lang='lat' dir='ltr'>uice·</span> 
     </span>
     <span class='ocr_line' id='line_1_27' title="bbox 386 3691 1790 3798; baseline -0.001 -28"><span class='ocrx_word' id='word_1_193' title='bbox 386 3691 544 3797; x_wconf 85' lang='lat' dir='ltr'>dapifer</span> <span class='ocrx_word' id='word_1_194' title='bbox 577 3691 714 3796; x_wconf 80' lang='lat' dir='ltr'>regine</span> <span class='ocrx_word' id='word_1_195' title='bbox 748 3706 848 3773; x_wconf 88' lang='lat' dir='ltr'>tunc</span> <span class='ocrx_word' id='word_1_196' title='bbox 891 3693 1085 3792; x_wconf 79' lang='lat' dir='ltr'>existens,</span> <span class='ocrx_word' id='word_1_197' title='bbox 1121 3691 1161 3770; x_wconf 91' lang='lat' dir='ltr'>in</span> <span class='ocrx_word' id='word_1_198' title='bbox 1195 3693 1329 3798; x_wconf 87' lang='lat' dir='ltr'>ipsum</span> <span class='ocrx_word' id='word_1_199' title='bbox 1379 3691 1629 3773; x_wconf 78' lang='lat' dir='ltr'>Felicianum</span> <span class='ocrx_word' id='word_1_200' title='bbox 1677 3691 1790 3797; x_wconf 87' lang='lat' dir='ltr'>quasi</span> 
     </span>
     <span class='ocr_line' id='line_1_28' title="bbox 387 3812 1790 3912; baseline -0.001 -20"><span class='ocrx_word' id='word_1_201' title='bbox 387 3814 426 3893; x_wconf 92' lang='lat' dir='ltr'>in</span> <span class='ocrx_word' id='word_1_202' title='bbox 461 3827 674 3893; x_wconf 81' lang='lat' dir='ltr'>cruentam</span> <span class='ocrx_word' id='word_1_203' title='bbox 719 3814 890 3894; x_wconf 85' lang='lat' dir='ltr'>bestiam</span> <span class='ocrx_word' id='word_1_204' title='bbox 935 3814 1060 3912; x_wconf 86' lang='lat' dir='ltr'>irruit,</span> <span class='ocrx_word' id='word_1_205' title='bbox 1095 3829 1261 3905; x_wconf 85' lang='lat' dir='ltr'>etcum</span> <span class='ocrx_word' id='word_1_206' title='bbox 1319 3814 1466 3893; x_wconf 90' lang='lat' dir='ltr'>bicello</span> <span class='ocrx_word' id='word_1_207' title='bbox 1501 3812 1790 3896; x_wconf 79' lang='lat' dir='ltr'>interuallum</span> 
     </span>
     <span class='ocr_line' id='line_1_29' title="bbox 386 3933 1790 4041; baseline -0.001 -29"><span class='ocrx_word' id='word_1_208' title='bbox 386 3951 426 4014; x_wconf 90' lang='lat' dir='ltr'>et</span> <span class='ocrx_word' id='word_1_209' title='bbox 458 3935 670 4041; x_wconf 88' lang='lat' dir='ltr'>scapulam</span> <span class='ocrx_word' id='word_1_210' title='bbox 705 3936 860 4014; x_wconf 87' lang='lat' dir='ltr'>lbrtiter</span> <span class='ocrx_word' id='word_1_211' title='bbox 892 3935 1075 4014; x_wconf 77' lang='lat' dir='ltr'>rerimao</span> <span class='ocrx_word' id='word_1_212' title='bbox 1110 3935 1324 4036; x_wconf 77' lang='lat' dir='ltr'>translinit,</span> <span class='ocrx_word' id='word_1_213' title='bbox 1361 3949 1401 4015; x_wconf 85' lang='lat' dir='ltr'>et</span> <span class='ocrx_word' id='word_1_214' title='bbox 1433 3935 1481 4016; x_wconf 91' lang='lat' dir='ltr'>ad</span> <span class='ocrx_word' id='word_1_215' title='bbox 1514 3949 1662 4014; x_wconf 81' lang='lat' dir='ltr'>terram</span> <span class='ocrx_word' id='word_1_216' title='bbox 1682 3933 1790 4013; x_wconf 87' lang='lat' dir='ltr'>deie-</span> 
     </span>
     <span class='ocr_line' id='line_1_30' title="bbox 386 4055 1790 4162; baseline -0.001 -26"><span class='ocrx_word' id='word_1_217' title='bbox 386 4057 451 4136; x_wconf 88' lang='lat' dir='ltr'>cit.</span> <span class='ocrx_word' id='word_1_218' title='bbox 488 4056 593 4135; x_wconf 84' lang='lat' dir='ltr'>Hinc</span> <span class='ocrx_word' id='word_1_219' title='bbox 626 4073 666 4134; x_wconf 87' lang='lat' dir='ltr'>et</span> <span class='ocrx_word' id='word_1_220' title='bbox 699 4055 792 4135; x_wconf 88' lang='lat' dir='ltr'>inde</span> <span class='ocrx_word' id='word_1_221' title='bbox 827 4085 900 4162; x_wconf 91' lang='lat' dir='ltr'>per</span> <span class='ocrx_word' id='word_1_222' title='bbox 934 4057 1062 4136; x_wconf 86' lang='lat' dir='ltr'>hostia</span> <span class='ocrx_word' id='word_1_223' title='bbox 1097 4058 1342 4160; x_wconf 78' lang='lat' dir='ltr'>gladiatores</span> <span class='ocrx_word' id='word_1_224' title='bbox 1387 4057 1535 4136; x_wconf 83' lang='lat' dir='ltr'>milites</span> <span class='ocrx_word' id='word_1_225' title='bbox 1569 4055 1675 4160; x_wconf 76' lang='lat' dir='ltr'>regis</span> <span class='ocrx_word' id='word_1_226' title='bbox 1706 4055 1790 4159; x_wconf 79' lang='lat' dir='ltr'>gla-</span> 
     </span>
     <span class='ocr_line' id='line_1_31' title="bbox 386 4177 1789 4282; baseline -0.002 -24"><span class='ocrx_word' id='word_1_227' title='bbox 386 4178 461 4259; x_wconf 88' lang='lat' dir='ltr'>diis</span> <span class='ocrx_word' id='word_1_228' title='bbox 496 4177 744 4259; x_wconf 85' lang='lat' dir='ltr'>terribilibus</span> <span class='ocrx_word' id='word_1_229' title='bbox 792 4179 1052 4260; x_wconf 84' lang='lat' dir='ltr'>memlnatim</span> <span class='ocrx_word' id='word_1_230' title='bbox 1089 4179 1283 4258; x_wconf 83' lang='lat' dir='ltr'>miserum</span> <span class='ocrx_word' id='word_1_231' title='bbox 1334 4179 1547 4278; x_wconf 88' lang='lat' dir='ltr'>laniantes,</span> <span class='ocrx_word' id='word_1_232' title='bbox 1582 4177 1789 4282; x_wconf 87' lang='lat' dir='ltr'>quoddam</span> 
     </span>
     <span class='ocr_line' id='line_1_32' title="bbox 386 4297 1791 4407; baseline -0.003 -26"><span class='ocrx_word' id='word_1_233' title='bbox 386 4301 502 4407; x_wconf 87' lang='lat' dir='ltr'>quasi</span> <span class='ocrx_word' id='word_1_234' title='bbox 537 4314 765 4382; x_wconf 90' lang='lat' dir='ltr'>monstrum</span> <span class='ocrx_word' id='word_1_235' title='bbox 799 4299 942 4404; x_wconf 78' lang='lat' dir='ltr'>gladiis</span> <span class='ocrx_word' id='word_1_236' title='bbox 977 4301 1214 4386; x_wconf 86' lang='lat' dir='ltr'>affecerunt.</span> <span class='ocrx_word' id='word_1_237' title='bbox 1250 4301 1386 4406; x_wconf 67' lang='lat' dir='ltr'>llaput</span> <span class='ocrx_word' id='word_1_238' title='bbox 1414 4297 1791 4381; x_wconf 84' lang='lat' dir='ltr'>eiusssudammit-</span> 
     </span>
     <span class='ocr_line' id='line_1_33' title="bbox 386 4419 1790 4527; baseline -0.001 -26"><span class='ocrx_word' id='word_1_239' title='bbox 386 4423 494 4522; x_wconf 89' lang='lat' dir='ltr'>titur,</span> <span class='ocrx_word' id='word_1_240' title='bbox 530 4449 676 4502; x_wconf 87' lang='lat' dir='ltr'>manus</span> <span class='ocrx_word' id='word_1_241' title='bbox 711 4436 751 4500; x_wconf 83' lang='lat' dir='ltr'>et</span> <span class='ocrx_word' id='word_1_242' title='bbox 784 4422 910 4527; x_wconf 86' lang='lat' dir='ltr'>pedes</span> <span class='ocrx_word' id='word_1_243' title='bbox 943 4422 1030 4503; x_wconf 87' lang='lat' dir='ltr'>aliis</span> <span class='ocrx_word' id='word_1_244' title='bbox 1075 4423 1311 4504; x_wconf 85' lang='lat' dir='ltr'>ciuitatibus</span> <span class='ocrx_word' id='word_1_245' title='bbox 1345 4423 1613 4502; x_wconf 84' lang='lat' dir='ltr'>destinantur.</span> <span class='ocrx_word' id='word_1_246' title='bbox 1665 4419 1790 4500; x_wconf 81' lang='lat' dir='ltr'>neni-</span> 
     </span>
     <span class='ocr_line' id='line_1_34' title="bbox 387 4541 1790 4650; baseline -0.001 -27"><span class='ocrx_word' id='word_1_247' title='bbox 387 4571 468 4650; x_wconf 88' lang='lat' dir='ltr'>que</span> <span class='ocrx_word' id='word_1_248' title='bbox 500 4543 608 4625; x_wconf 88' lang='lat' dir='ltr'>filius</span> <span class='ocrx_word' id='word_1_249' title='bbox 642 4543 730 4624; x_wconf 86' lang='lat' dir='ltr'>eius</span> <span class='ocrx_word' id='word_1_250' title='bbox 763 4543 910 4624; x_wconf 88' lang='lat' dir='ltr'>unicus</span> <span class='ocrx_word' id='word_1_251' title='bbox 944 4543 1197 4642; x_wconf 87' lang='lat' dir='ltr'>adolescens,</span> <span class='ocrx_word' id='word_1_252' title='bbox 1233 4558 1273 4622; x_wconf 88' lang='lat' dir='ltr'>et</span> <span class='ocrx_word' id='word_1_253' title='bbox 1307 4572 1412 4624; x_wconf 74' lang='lat' dir='ltr'>uirus</span> <span class='ocrx_word' id='word_1_254' title='bbox 1445 4543 1522 4624; x_wconf 87' lang='lat' dir='ltr'>sibi</span> <span class='ocrx_word' id='word_1_255' title='bbox 1557 4542 1686 4623; x_wconf 81' lang='lat' dir='ltr'>tidelis</span> <span class='ocrx_word' id='word_1_256' title='bbox 1726 4541 1790 4620; x_wconf 87' lang='lat' dir='ltr'>fa-</span> 
     </span>
     <span class='ocr_line' id='line_1_35' title="bbox 386 4663 1787 4772; baseline -0.005 -26"><span class='ocrx_word' id='word_1_257' title='bbox 386 4666 525 4748; x_wconf 91' lang='lat' dir='ltr'>mulus</span> <span class='ocrx_word' id='word_1_258' title='bbox 572 4667 713 4770; x_wconf 84' lang='lat' dir='ltr'>fugam</span> <span class='ocrx_word' id='word_1_259' title='bbox 763 4667 974 4772; x_wconf 86' lang='lat' dir='ltr'>capientes</span> <span class='ocrx_word' id='word_1_260' title='bbox 1018 4667 1195 4746; x_wconf 88' lang='lat' dir='ltr'>euadere</span> <span class='ocrx_word' id='word_1_261' title='bbox 1245 4666 1413 4746; x_wconf 89' lang='lat' dir='ltr'>minime</span> <span class='ocrx_word' id='word_1_262' title='bbox 1463 4677 1696 4771; x_wconf 91' lang='lat' dir='ltr'>potuerunt,</span> <span class='ocrx_word' id='word_1_263' title='bbox 1747 4663 1787 4740; x_wconf 92' lang='lat' dir='ltr'>in</span> 
     </span>
     <span class='ocr_line' id='line_1_36' title="bbox 387 4785 1788 4895; baseline -0.002 -29"><span class='ocrx_word' id='word_1_264' title='bbox 387 4787 528 4870; x_wconf 89' lang='lat' dir='ltr'>caudis</span> <span class='ocrx_word' id='word_1_265' title='bbox 558 4813 758 4894; x_wconf 85' lang='lat' dir='ltr'>equorum</span> <span class='ocrx_word' id='word_1_266' title='bbox 793 4788 878 4868; x_wconf 89' lang='lat' dir='ltr'>uite</span> <span class='ocrx_word' id='word_1_267' title='bbox 911 4787 1132 4870; x_wconf 90' lang='lat' dir='ltr'>terminum</span> <span class='ocrx_word' id='word_1_268' title='bbox 1167 4801 1452 4895; x_wconf 85' lang='lat' dir='ltr'>perceperunt.</span> <span class='ocrx_word' id='word_1_269' title='bbox 1490 4785 1673 4882; x_wconf 83' lang='lat' dir='ltr'>Quorum</span> <span class='ocrx_word' id='word_1_270' title='bbox 1698 4809 1788 4863; x_wconf 89' lang='lat' dir='ltr'>om-</span> 
     </span>
     <span class='ocr_line' id='line_1_37' title="bbox 387 4908 1782 5018; baseline -0.001 -28"><span class='ocrx_word' id='word_1_271' title='bbox 387 4909 500 4992; x_wconf 93' lang='lat' dir='ltr'>nium</span> <span class='ocrx_word' id='word_1_272' title='bbox 535 4911 738 4990; x_wconf 86' lang='lat' dir='ltr'>cadauera</span> <span class='ocrx_word' id='word_1_273' title='bbox 770 4937 893 4992; x_wconf 90' lang='lat' dir='ltr'>canes</span> <span class='ocrx_word' id='word_1_274' title='bbox 925 4908 967 4990; x_wconf 90' lang='lat' dir='ltr'>in</span> <span class='ocrx_word' id='word_1_275' title='bbox 1004 4909 1141 5018; x_wconf 87' lang='lat' dir='ltr'>platea</span> <span class='ocrx_word' id='word_1_276' title='bbox 1173 4938 1270 4993; x_wconf 88' lang='lat' dir='ltr'>oum</span> <span class='ocrx_word' id='word_1_277' title='bbox 1312 4909 1472 4992; x_wconf 89' lang='lat' dir='ltr'>ossibus</span> <span class='ocrx_word' id='word_1_278' title='bbox 1515 4917 1782 4990; x_wconf 87' lang='lat' dir='ltr'>corroserunt.</span> 
     </span>
    </p>
   </div>
   <div class='ocr_carea' id='block_1_3' title="bbox 0 0 1958 5752">
    <p class='ocr_par' dir='ltr' id='par_1_3' title="bbox 0 0 1958 5752">
     <span class='ocr_line' id='line_1_38' title="bbox 0 0 1958 5752; baseline 0 0"><span class='ocrx_word' id='word_1_279' title='bbox 0 0 1958 5752; x_wconf 95' lang='lat' dir='ltr'> </span> 
     </span>
    </p>
   </div>
  </div>
 </body>
</html>
