3896 5758
986 439 1049 526 ria

942 551 1089 560 ιιι-ψ...-

318 676 391 759 des
424 691 465 758 et
496 675 662 781 sagittas
695 673 746 752 de
788 676 1032 778 pugnaculis
1076 675 1265 776 ciuitatis,
1299 673 1415 756 Obus
1458 693 1595 756 tamen
1631 675 1721 756 sine

318 799 473 880 lesione
514 797 643 878 rediit.
688 793 850 874 Interea
892 810 1032 878 autem
1074 797 1274 902 Georgius
1317 815 1358 878 et
1401 797 1501 878 llors
1544 799 1721 878 exortati

318 936 415 1004 sunt
447 921 664 1024 hungaros
699 916 769 1024 qui
803 941 952 1022 corpus
985 919 1189 1000 sarraceni
1222 931 1461 1027 rapuerunt,
1487 933 1529 999 et
1559 921 1599 1000 in
1635 933 1722 999 tur-

317 1043 548 1151 pitudinem
591 1038 865 1147 proiecerunt.
908 1040 953 1121 In
996 1041 1123 1121 tercio
1166 1067 1265 1122 uero
1309 1067 1453 1122 mense
1495 1041 1722 1122 obsidionis

319 1164 499 1272 quedam
532 1162 672 1271 puella
704 1159 928 1264 hungarica
960 1162 1058 1243 olim
1090 1162 1188 1242 illue
1222 1191 1295 1268 per
1327 1163 1611 1268 captiuitatem
1646 1165 1720 1244 ab·

319 1287 454 1389 ducta,
496 1287 537 1367 in
581 1295 727 1391 quarta
766 1275 859 1390 (77)
901 1283 1003 1364 ieria
1044 1284 1252 1365 ciuitatem
1297 1285 1523 1366 succendit.
1577 1283 1723 1367 Flebat

319 1424 459 1491 autern
492 1405 740 1490 subsolanus
773 1403 1152 1508 uehementissime,
1186 1419 1420 1512 cunctaque
1454 1405 1615 1487 edificia
1651 1433 1721 1487 oc·

319 1542 580 1639 cnpauerunt
612 1526 812 1608 incendia..
849 1525 1066 1609 Exercitus
1099 1528 1239 1634 itaque
1284 1528 1560 1634 hungarorum
1606 1529 1723 1611 irruit

318 1655 360 1734 in
381 1653 602 1748 ciuitatem
638 1677 687 1730 ea
719 1663 845 1756 parte,
884 1676 967 1756 qua
999 1649 1105 1730 muri
1149 1650 1237 1732 eius
1280 1677 1354 1756 per
1397 1664 1600 1732 tormenta
1639 1653 1721 1732 iam

319 1788 567 1875 corruerant,
602 1785 642 1852 ct
674 1796 816 1876 grecos
849 1798 1087 1852 sarracenos
1120 1785 1247 1878 atque
1276 1772 1466 1878 bulgaros
1501 1773 1725 1854 crudeliter

318 1897 586 1980 trucidarunt.
623 1891 702 1988 oui
736 1909 873 1973 antem
909 1893 1059 1974 residui
1094 1894 1256 1975 fuerant
1297 1923 1393 1974 cnm
1427 1895 1570 1976 Nicota
1614 1895 1722 1976 duee

319 2046 461 2102 eorum
505 2017 714 2122 fugierunt
758 2017 795 2095 in
839 2042 989 2096 arcem.
1031 2013 1214 2121 Hungari
1253 2041 1348 2122 ergo
1393 2032 1514 2124 capta
1554 2017 1722 2099 ciuitate

318 2141 507 2249 sequenti
542 2139 607 2219 die
652 2150 870 2245 postquam
915 2136 1019 2243 ignis
1060 2138 1279 2237 resederat,
1326 2139 1514 2220 uidentes
1555 2141 1723 2224 serobes

318 2290 531 2370 grecorum
576 2260 817 2358 (miscentes,
855 2259 1040 2340 tulerunt
1081 2260 1233 2340 exinde
1274 2287 1421 2341 aurum
1460 2260 1638 2343 multum
1682 2281 1723 2345 et

318 2399 546 2492 argentum,
580 2381 738 2489 lapides
772 2381 991 2488 preciosos,
1010 2409 1280 2488 genrrnasque
1307 2383 1552 2490 prelucidas,
1571 2399 1612 2465 et
1632 2386 1723 2466 tlre-

319 2535 487 2590 zanrurn
521 2508 606 2586 l'erc
640 2503 972 2588 inestimabilem.
1024 2503 1068 2584 ln
1112 2504 1229 2585 (iuius
1271 2505 1495 2611 particione
1538 2523 1627 2589 orta
1659 2522 1722 2590 est

321 2627 523 2712 discordia
556 2627 831 2731 interregem
865 2637 905 2706 et
938 2625 1101 2706 ducein.
1145 2625 1378 2731 Nullusque
1415 2628 1491 2708 fuit
1526 2655 1577 2708 ex
1613 2629 1722 2712 lum-

319 2752 437 2858 garis,
470 2749 539 2858 qui
575 2749 630 2830 ibi
663 2749 938 2856 locupletatus
972 2774 1052 2828 non
1086 2748 1241 2830 fuisset..

476 2873 596 2952 Porro
631 2870 670 2950 in
705 2896 797 2951 arco
831 2870 976 2950 inclusi
1010 2882 1259 2976 rogauerunt
1276 2898 1414 2976 regem
1443 2885 1484 2952 et
1515 2875 1656 2976 duces,
1674 2889 1721 2956 ut

321 2995 379 3078 eis
396 2994 524 3077 uitam
544 3007 584 3074 et
616 2992 847 3074 libertatem
867 2991 1078 3094 donarent,
1096 3019 1232 3073 arcem
1253 3007 1294 3073 ot
1310 2993 1504 3076 uniuersa
1521 2997 1599 3079 sibi
1616 3024 1721 3078 nen·

320 3118 515 3200 dioarent.
548 3115 739 3197 Manibus
773 3115 913 3222 itaque
946 3114 1051 3220 regis
1085 3129 1125 3194 ct
1158 3115 1311 3196 ducum
1356 3116 1394 3196 in
1433 3115 1528 3199 fidei
1569 3119 1720 3227 pignus

320 3239 515 3341 extensis,
549 3238 659 3346 quod
695 3263 764 3318 eos
797 3237 975 3343 amplius
1015 3262 1097 3317 non
1144 3235 1342 3340 lederent,
1376 3263 1521 3322 omnes
1565 3243 1635 3348 qui
1678 3243 1720 3322 in

318 3389 413 3445 arce
446 3378 562 3443 erant
594 3359 909 3443 descenderunt.
932 3358 988 3438 rlt
1013 3359 1097 3439 dux
1117 3358 1277 3466 Nycota
1294 3373 1462 3467 portans
1481 3375 1719 3469 argenteam

318 3511 493 3593 yconarn
535 3482 792 3565 sanctissime
818 3481 1038 3587 genitricis
1079 3480 1145 3560 dei
1188 3507 1353 3590 semper
1391 3483 1559 3591 uirginis
1594 3485 1719 3567 Marie

320 3634 416 3689 curn
448 3632 598 3712 magna
630 3602 893 3686 multitudine
928 3601 1069 3711 populi
1104 3604 1275 3685 ueniens
1293 3604 1334 3684 in
1361 3617 1608 3712 potestatem
1642 3609 1718 3690 du·

320 3729 377 3812 cis
410 3729 544 3836 Geyse
577 3753 621 3809 se
655 3725 839 3807 contulit.
873 3724 1038 3806 Sciebat
1070 3725 1180 3806 enirn
1199 3726 1375 3834 Geysarn
1406 3727 1557 3810 ducem
1590 3731 1718 3812 deuo-

319 3865 408 3932 tum
441 3851 531 3953 (leo,
564 3863 606 3929 et
637 3849 822 3955 captiuos
856 3874 929 3929 seu
963 3846 1136 3928 afflictos
1170 3848 1445 3932 misericordie
1487 3851 1719 3936 uisceribus

320 3973 588 4054 refouentem.
625 3969 689 4050 Ad
724 3997 871 4053 manus
904 3982 1043 4051 autern
1075 3969 1181 4076 regis
1214 3969 1444 4054 Salomonis
1477 3975 1601 4081 pauci
1645 4003 1717 4057 ue·

318 4107 480 4197 nemnt,
515 4093 613 4201 quia
644 4106 848 4175 nouerant
887 4091 1024 4199 ipsum
1067 4119 1157 4174 esse
1195 4108 1419 4198 austerum,
1454 4110 1495 4176 ot
1526 4097 1719 4205 pessimis

320 4215 498 4299 consiliis
533 4215 621 4324 Vyd
656 4214 815 4296 comitis
849 4215 889 4295 in
922 4213 1115 4296 ornnibus
1148 4216 1434 4299 ascultantem.
1453 4213 1479 4324 ¹)
1514 4217 1594 4314 Qui
1627 4219 1717 4328 Vyd

319 4340 397 4421 deo
431 4352 471 4420 ct
503 4337 739 4420 hominibus
773 4335 1025 4419 detestabilis
1060 4347 1156 4417 erat.
1207 4337 1396 4446 Cumque
1441 4341 1613 4423 uidisset
1644 4369 1719 4422 rex

319 4461 459 4570 plures
492 4460 543 4543 ad
576 4461 725 4542 ducem
760 4487 814 4541 ex
848 4456 925 4539 illis
958 4459 1203 4564 confugisse,
1236 4487 1391 4567 paucos
1424 4477 1562 4544 autern
1592 4464 1717 4558 adse,

320 4584 545 4692 plurimum
580 4582 815 4690 indignatus
848 4594 919 4663 est.
958 4579 1062 4662 Cum
1096 4595 1236 4663 autem
1263 4585 1418 4666 reuersi
1452 4601 1591 4668 essent
1624 4615 1718 4670 cum

320 4706 513 4788 thesauro
547 4703 821 4807 inestimabili,
855 4717 1061 4784 uenerunt
1094 4703 1133 4785 in
1167 4703 1309 4787 uillam
1353 4706 1511 4810 Buzias,
1552 4708 1593 4790 in
1626 4736 1720 4817 pre·

428 4969 455 5063 1)
482 4965 740 5040 auscultantem.
769 4965 809 5037 Τ.
