3900 5762
932 569 936 573 .
976 475 1034 574 al.
1056 569 1086 574 .-

305 707 409 791 quos
456 678 587 792 patrio
635 685 802 768 nomine
851 689 1107 773 udwornioos
1155 701 1420 772 vooauerunt.
1473 683 1563 769 Hoo
1597 683 1712 768 enim

304 807 553 914 obsequium
586 809 683 890 lieet
715 835 764 890 eo
796 823 983 918 tempore
1016 812 1068 892 de
1101 813 1185 894 suis
1219 811 1394 919 captiuis
1428 812 1568 918 plures
1595 809 1714 914 regni

302 929 463 1011 nobiles
495 929 749 1033 habuissent,
782 929 1071 1041 llalo1nanni¹)
1120 934 1267 1015 diebus
1314 933 1384 1014 filii
1417 934 1522 1036 regis
1556 931 1714 1012 Geicbe

305 1051 442 1131 extitit
473 1053 749 1159 reprobatum.
784 1053 926 1136 Voluit
957 1056 1245 1138 tantummodo
1279 1055 1515 1137 huiusmodi
1543 1053 1715 1136 seruitia

303 1171 354 1252 de
387 1174 562 1281 captiuis
609 1176 693 1258 suis
740 1176 829 1282 ipse
877 1177 989 1259 solus
1037 1179 1234 1280 obtinere,
1274 1192 1314 1258 et
1346 1177 1524 1284 prelatos
1559 1174 1714 1282 quibus

302 1295 471 1400 largitus
505 1310 591 1377 erat
622 1297 673 1377 de
707 1299 878 1406 captivis
910 1301 1009 1382 suis.
1041 1299 1093 1380 Et
1125 1327 1177 1380 ne
1211 1298 1486 1380 oomrmmitas
1508 1297 1712 1378 nobilium

303 1418 633 1524 reprobationem
674 1419 911 1502 huiusmodi
961 1449 1086 1527 graue
1118 1423 1242 1502 ferret
1273 1421 1457 1502 Palatino
1490 1420 1602 1524 regni
1638 1417 1712 1524 qui

301 1565 375 1646 pro
408 1540 582 1621 utilitate
624 1541 824 1625 nobilium
873 1544 1092 1650 preficitur,
1125 1571 1197 1625 rex
1233 1569 1329 1626 suos
1360 1541 1617 1624 udwornioos
1651 1541 1712 1621 uti

303 1661 426 1742 dedit.
475 1660 554 1742 Sed
589 1663 687 1769 quia
718 1663 902 1770 Hungari
934 1667 1033 1748 noui
1082 1666 1288 1748 christiani
1333 1691 1458 1770 graue
1500 1663 1714 1744 habebant

303 1777 467 1890 huius²)
499 1784 595 1865 fidei
628 1811 676 1866 eo
710 1787 819 1893 quod
855 1784 1129 1894 disueseere³)
1165 1788 1215 1868 de
1233 1787 1374 1894 spoliis
1393 1813 1462 1868 eos
1481 1785 1711 1892 oportebat,

302 1931 448 2012 graues
480 1906 642 1988 labores
675 1921 716 1989 et
748 1909 903 1990 honera
933 1911 1018 1992 suis
1051 1910 1226 2017 captiuis
1276 1909 1555 2016 imponebant,
1598 1907 1711 2013 quod

301 2027 525 2135 displicens
556 2029 736 2136 prelatis,
771 2031 1009 2138 Apostolieo
1043 2060 1168 2140 super
1201 2032 1262 2112 his
1295 2045 1392 2113 sunt
1435 2029 1573 2111 locuti.
1621 2031 1712 2110 Au-

305 2149 1713 2263 dmmmmAmfflfflmemmfflnmmmeSfflmmda

302 2271 1711 2383 lwmfflifflmhmb&mmmdemmmqmmmmtm

302 2394 426 2475 talem
476 2421 621 2476 voeem
664 2397 794 2479 fertur
824 2399 1087 2506 prorupisse:
1120 2398 1206 2504 Ego
1241 2397 1374 2504 inquit
1405 2424 1496 2477 sum
1532 2395 1712 2502 Aposto-

303 2514 418 2619 lious,
456 2516 525 2597 ille
559 2532 699 2599 autem
733 2547 855 2602 verus
887 2521 1148 2627 apostolicus.
1186 2519 1304 2600 Vnde
1324 2518 1576 2599 etoeelesias
1595 2517 1712 2622 regni

302 2637 366 2720 sui
399 2638 487 2721 eius
521 2640 733 2721 committo
766 2642 931 2724 arbitrio
965 2643 1163 2746 ordinare,
1198 2642 1384 2749 captiuos
1418 2667 1491 2746 per
1528 2639 1711 2720 eundem

300 2759 537 2867 redemptos
571 2761 607 2842 ei
654 2765 942 2846 tantummodo
990 2764 1211 2872 possidere.
1263 2765 1433 2870 Propter
1464 2761 1576 2868 quod
1620 2787 1710 2841 om-

300 2908 375 2964 nes
422 2883 598 2964 redemit
645 2911 749 2991 quos
797 2887 942 2994 potnit,
992 2888 1044 2968 ab
1087 2886 1304 2992 Hungaris,
1337 2883 1537 2985 inuenire,
1570 2897 1710 2990 preter

300 3003 403 3108 illos,
437 3031 540 3112 quos
573 3007 687 3112 regni
719 3009 879 3090 nobiles
913 3009 1098 3092 ecelesiis
1130 3009 1370 3092 dimiserant
1401 3004 1708 3114 possiderellx

301 3126 453 3234 quibus
503 3128 671 3234 quidem
724 3131 929 3213 ordinauit
975 3131 1130 3213 seruire
1178 3131 1263 3212 suis
1312 3129 1453 3212 castris
1508 3127 1710 3235 obsequio

302 3248 458 3332 leuiori.

459 3367 528 3453 67.
562 3373 803 3480 lobagiones
848 3402 945 3455 vero
993 3376 1113 3459 castri
1154 3388 1251 3458 sunt
1283 3401 1487 3483 pauperes
1535 3373 1707 3476 nobiles,

301 3492 1705 3600 whmmmmvmmmsmmmmsmmdmrmmoems

300 3615 1704 3727 mpmmammimmfflmnfffflenmmmmmwmm

299 3735 381 3816 Alii
429 3763 526 3818 vero
575 3741 857 3822 conditionarii
905 3769 958 3822 ex
1007 3742 1163 3824 eisdem
1213 3741 1387 3849 oaptiuis
1420 3740 1707 3847 disponuntur,

300 3884 404 3966 quos
436 3861 604 3942 tandem
639 3859 963 3971 Kalomannus⁴)
997 3893 1071 3946 rex
1105 3867 1157 3946 ad
1189 3876 1324 3946 tantas
1357 3862 1560 3945 maneries
1600 3861 1708 3943 rari-

300 3980 397 4062 auit.
430 3979 638 4064 Statutum
672 3985 794 4065 etiarn
829 3985 964 4068 extitit
980 4015 1054 4094 per
1070 4002 1259 4070 sanetum
1279 4013 1417 4092 regem
1435 3983 1706 4091 Stephanum,

301 4103 1708 4215 ‹mmomffimmmmsimvffldrmmmemmmrmmn

300 4224 366 4308 tiis
398 4225 619 4308 redimeret
650 4255 694 4310 se
728 4241 769 4310 ot
801 4230 984 4312 domum.
1018 4230 1058 4312 Si
1092 4259 1188 4313 vero
1221 4245 1330 4313 osset
1362 4230 1449 4312 sine
1476 4229 1649 4334 coniuge
1668 4241 1710 4309 et

300 4345 467 4449 familia,
501 4375 719 4455 personam
755 4378 872 4434 suam
906 4353 1044 4434 XXIV
1076 4354 1288 4462 byzantiis,
1323 4354 1389 4432 vel
1421 4351 1588 4434 seruitio
1615 4363 1707 4431 tan·

300 4470 472 4550 tundem
507 4487 814 4578 compensante.
826 4468 855 4578 ⁵)
891 4475 1013 4556 lnuiti
1046 4477 1156 4557 enim
1189 4474 1374 4580 llungari
1406 4472 1593 4580 captiuos
1611 4498 1709 4554 suos

300 4591 385 4697 regi
417 4593 618 4674 redimere
650 4595 936 4702 permiserunt.
971 4595 1183 4706 Compulsi
1218 4597 1385 4706 quidem
1410 4607 1508 4678 sunt
1524 4622 1599 4703 per
1614 4621 1710 4678 san·

303 4779 508 4788 .—-—-.-——-—·

410 4863 435 4966 ¹)
465 4869 682 4944 Kolonranni.
727 4872 755 4962 ²)
784 4894 882 4944 onus.
919 4875 947 4965 ³)
977 4873 1184 4949 desvesoere.
1223 4871 1252 4966 ⁴)
1283 4872 1530 4946 Kolomarmus.
1561 4874 1590 4960 ὓ)
1619 4893 1710 4944 ρεπιι-

304 4975 453 5065 potente.
