3896 5758
1046 424 1108 510 tta

1000 535 1156 544 ,ψ

379 643 548 740 'consilio
580 655 719 739 ledere
752 668 1027 765 attemptaret.
1062 657 1143 741 Sed
1176 659 1298 740 etiam
1332 657 1459 765 siquis
1493 659 1543 740 de
1572 685 1782 743 suceesso-

375 781 490 862 ribus
523 780 607 863 suis
640 780 692 861 ad
725 780 1019 863 debellandum
1052 781 1303 887 Hungariam
1339 807 1453 861 arma
1491 795 1689 884 moueret,
1723 785 1781 864 in·

376 901 661 1007 dignationem
697 903 989 1010 omnipotentis
1022 904 1088 985 dei
1116 905 1352 1003 incurreret,
1388 915 1428 982 et
1460 915 1661 1010 perpetuo
1695 905 1781 986 eius

376 1025 628 1106 anathemati
661 1024 905 1106 subiaceret.
940 1026 1082 1107 Filiam
1118 1053 1284 1133 quoque
1318 1051 1435 1106 suam
1480 1023 1674 1132 Sophiam
1710 1055 1781 1108 no·

375 1147 487 1228 mine
519 1145 728 1229 Salomoni
761 1146 843 1226 filio
875 1149 980 1254 regis
1015 1147 1179 1228 Andree
1213 1148 1329 1228 daret
1360 1147 1400 1226 in
1434 1173 1622 1249 uxorem,
1658 1176 1780 1256 qnam

356 1269 563 1376 primitus
594 1269 678 1350 filio
711 1269 815 1374 regis
860 1268 1029 1351 Franeie
1073 1299 1169 1352 oum
1213 1269 1397 1350 maximo
1436 1269 1604 1350 dederat
1647 1298 1780 1353 sacra·

374 1402 527 1495 mento,
573 1402 740 1498 propter
780 1406 979 1498 perpetue
1021 1393 1134 1500 pacis
1176 1392 1318 1472 federa
1349 1391 1506 1472 firmius
1540 1393 1779 1474 roboranda.

371 1511 450 1595 Hie
484 1526 622 1596 autem
657 1514 796 1594 omnia
825 1512 1000 1596 fideliter
1032 1528 1292 1596 seruaturum
1327 1513 1554 1595 iusiurandi
1586 1515 1780 1620 religione

372 1635 614 1745 interposita
647 1634 928 1719 confirmabat..
965 1637 1053 1716 Rex
1087 1637 1225 1744 itaque
1260 1635 1446 1718 Andreas
1480 1651 1521 1716 et
1553 1637 1638 1716 dux
1669 1637 1779 1740 Belo,

372 1759 503 1864 magis
529 1771 732 1840 amatores
767 1758 880 1864 pacis
914 1785 1040 1864 quam
1074 1759 1275 1840 discordie
1300 1757 1570 1838 seminatores
1599 1785 1688 1840 esse
1707 1786 1779 1840 uo-

373 1883 517 1982 lentes
551 1907 698 1988 pacem
734 1907 827 1960 cum
864 1878 1011 1962 Cesare
1046 1894 1366 1989 conposuerunt.
1410 1879 1706 1962 desirantem
1740 1883 1780 1964 in

372 2002 538 2112 propria
576 2029 752 2111 persona
794 2031 869 2082 sua
918 2004 1179 2085 iureiurando
1214 2002 1473 2083 orrufirmauit
1516 2004 1654 2084 omnia
1698 2031 1779 2111 que

373 2125 536 2208 dixerat
566 2125 741 2205 fideliter
772 2128 991 2206 iacturum.
1016 2126 1133 2206 Tunc
1162 2153 1234 2206 rex
1253 2125 1441 2204 Andreas
1458 2125 1577 2205 solita
1594 2153 1735 2232 regum
1750 2123 1779 2232 ¹)

371 2243 583 2354 Hungarie
623 2246 809 2354 largitate
849 2249 1002 2329 uterrdo
1044 2249 1154 2331 misit
1186 2247 1324 2328 (lesaii
1359 2247 1660 2352 quinquaginta
1692 2274 1779 2329 eor-

369 2396 471 2478 pora
501 2370 801 2452 immensorum
833 2366 1234 2476 rison11111,²)etelu‹›
1268 2369 1395 2448 millia
1428 2369 1647 2472 lardarum,
1668 2371 1778 2451 mille

369 2507 508 2576 tauros
543 2491 743 2597 ingentes.
776 2489 1034 2600 Depanihus
1068 2506 1207 2573 autem
1241 2493 1334 2597 plus
1369 2518 1492 2596 quam
1512 2493 1778 2574 secumfcrre

368 2627 571 2722 poterant.
621 2613 732 2696 Oues
772 2641 937 2722 quoque
980 2628 1020 2694 et
1061 2616 1190 2696 hrmes
1225 2642 1300 2694 seu
1333 2613 1514 2718 pierrudes
1548 2615 1778 2720 pascuales

371 2750 412 2818 et
443 2737 530 2818 uini
564 2738 725 2846 copiam
759 2737 1138 2843 supereffluentem.
1172 2736 1339 2816 Plurimi
1374 2734 1502 2814 erziam
1548 2737 1779 2817 tcutonico-

369 2887 460 2941 rum
496 2861 546 2940 de
579 2858 852 2940 immoderata
885 2860 1069 2940 oilmrum
1107 2854 1375 2964 ingestione³)
1410 2871 1451 2937 et
1484 2871 1605 2963 potus
1640 2860 1778 2966 iugur-

369 2982 649 3088 gurgitacione
684 2982 885 3086 crapulati
918 2995 959 3061 et
991 2982 1114 3064 infusi
1146 2981 1295 3061 mortui
1331 2992 1438 3060 sunt.
1480 2976 1647 3062 Residui
1680 3009 1779 3062 vero

369 3131 394 3186 a
425 3105 616 3188 faueihus
648 3103 792 3183 mortis
823 3105 1093 3184 miseracione
1129 3104 1405 3208 hungarorum
1435 3101 1607 3204 liberati,
1626 3105 1778 3186 relictis

368 3227 553 3310 tentoriis
588 3241 629 3306 et
660 3227 813 3332 clipeis,
852 3240 893 3306 et
925 3225 1130 3307 uniuersis
1158 3223 1487 3332 supellectilibus
1505 3225 1590 3306 suis
1608 3226 1780 3308 abiectis

369 3350 472 3430 adeo
522 3350 725 3431 concitato
770 3377 892 3430 cursu
927 3349 967 3427 in
1008 3349 1252 3429 'l‘eutoniam
1288 3345 1419 3426 redire
1454 3347 1550 3454 (64)
1584 3375 1779 3455 propera·

367 3485 474 3576 runt
509 3472 619 3580 quod
653 3498 731 3552 nec
764 3484 870 3552 retro
903 3471 1201 3577 prospicerent.
1242 3468 1301 3548 lix
1338 3469 1415 3547 hoe.
1449 3483 1587 3549 autem
1624 3487 1780 3553 euentu

368 3593 485 3676 locus
517 3594 585 3674 ille
619 3593 729 3675 unde
762 3593 958 3675 teutonici
992 3606 1076 3673 tam
1111 3593 1284 3698 turpiter
1325 3591 1558 3672 dedecorati
1606 3593 1779 3674 ahieetis

370 3715 512 3822 clipeis
529 3717 724 3820 firgerunt
756 3743 888 3822 usque
921 3714 1042 3796 hodie
1075 3712 1343 3817 Werteshege
1376 3727 1654 3819 mmeupatur.

372 3977 432 4057 ld.
467 3973 537 4052 De
565 3973 866 4053 eoronaoiono
896 3968 1155 4054 Salomonis
1182 3977 1315 4074 patro
1344 3992 1428 4053 suo
1447 3968 1639 4050 Andron
1666 3992 1780 4074 rege

895 4109 1046 4190 adhue
1073 4111 1272 4192 uiuente.

525 4323 747 4430 Postquam
791 4337 928 4404 autem
975 4323 1099 4404 (lesar
1140 4325 1332 4404 llerricus
1374 4352 1467 4403 oum
1504 4337 1616 4403 tanto
1651 4323 1778 4406 decla·

371 4471 464 4528 core
497 4446 601 4550 fugit.
633 4446 672 4525 in
708 4461 855 4526 terram
891 4475 1007 4525 suam
1043 4447 1093 4524 de
1129 4446 1315 4550 Vagaria,
1350 4474 1423 4526 rex
1459 4445 1645 4526 Andreas
1684 4449 1778 4528 mit·

370 4583 462 4650 tens
495 4568 545 4648 ad
580 4595 675 4650 eum
709 4569 863 4671 legatos
881 4568 1029 4674 petiuit
1060 4569 1112 4649 ab
1147 4597 1194 4646 eo
1229 4583 1274 4648 ut
1298 4566 1494 4675 Sophiam
1513 4567 1636 4648 filiam
1657 4595 1776 4650 suam

370 4691 581 4772 Salomoni
612 4689 694 4769 filio
727 4717 802 4770 suo
836 4689 1095 4771 matrimonio
1139 4689 1415 4797 copulandam
1453 4702 1500 4770 ut
1532 4692 1779 4797 promiserat

372 4875 578 4888 t—--—·——

480 4951 505 5042 ¹)
535 4971 659 5041 regem.
691 4950 771 5022 hod.
805 4945 832 5047 ²)
860 4949 1038 5022 husonum.
1069 4950 1107 5022 Τ.
1138 4945 1166 5044 ³)
1195 4948 1363 5045 gestione.
1394 4950 1473 5024 t‘od.
