3900 5762
971 455 1127 556 Q

520 790 668 876 XXVI.
705 785 952 872 (annotatio
981 788 1204 870 Bormani
1230 786 1287 870 ᾱο
1314 785 1575 870 Αὶαωωιια.

504 1037 700 1118 Hermani
735 1039 858 1120 etiam
892 1040 1100 1144 genmatio
1133 1067 1228 1121 eum
1262 1040 1402 1145 regina
1443 1038 1583 1120 Keisla
1615 1039 1755 1120 introi·

348 1159 419 1240 uit.
470 1158 600 1241 Liberi
650 1159 837 1243 homines
885 1175 982 1245 sunt
1031 1161 1081 1244 ae
1130 1160 1409 1266 Nururnlnug,
1459 1159 1756 1246 hereditatibus

347 1307 564 1390 pauperes

470 1541 639 1626 xxvn.
672 1540 741 1622 De
769 1543 1067 1646 generatione
1094 1541 1258 1624 Buzad
1282 1548 1354 1622 est
1380 1539 1636 1622 dicendum.

505 1822 568 1904 vlle
600 1825 863 1930 generatione
897 1829 1063 1932 <pridem
1100 1829 1235 1909 lluzad
1271 1840 1333 1908 est
1364 1826 1599 1908 ‹lioerulum
1620 1824 1758 1906 Huius

351 1946 459 2024 enim
494 1947 703 2050 generatio
736 1975 810 2054 per
841 1973 978 2052 regem
1013 1948 1270 2057 Stephanum
1304 1948 1434 2030 lilium
1468 1947 1640 2031 secundi
1659 1947 1759 2027 Bele

350 2067 391 2150 in
425 2065 676 2171 Hungariam
713 2068 931 2151 adducitur
962 2073 1002 2153 in
1036 2071 1283 2155 adiutorium
1317 2071 1422 2174 regis
1446 2069 1676 2151 memorati.
1695 2068 1761 2148 Ex

351 2189 571 2282 comitibus
615 2191 724 2270 enim
769 2189 1010 2275 heumanni
1053 2209 1160 2276 sunt.
1204 2195 1364 2275 Primus
1397 2194 1507 2276 enim
1541 2192 1611 2298 qui
1645 2191 1762 2270 renit

350 2309 522 2396 Hadooh
557 2325 619 2393 est
650 2329 832 2415 vocatus,
867 2316 984 2397 euius
1018 2315 1126 2399 lilius
1158 2317 1343 2400 similiter
1384 2314 1571 2396 Haduleh
1606 2327 1647 2394 et
1682 2321 1761 2392 :lr-

349 2432 611 2538 nol(32)rlus.
645 2433 707 2515 Ex
743 2435 827 2518 istis
860 2439 970 2542 origo
1005 2439 1187 2545 procedit
1220 2441 1358 2521 Buzad
1391 2438 1500 2520 bani.
1532 2435 1610 2518 Hie
1647 2435 1761 2516 enim

350 2552 537 2634 Hadoloh
573 2557 749 2664 exprimi
782 2585 864 2639 non
898 2562 1042 2666 potuit,
1080 2562 1150 2642 sed
1185 2561 1484 2670 paraloyzando
1516 2557 1671 2640 Hoholt
1699 2557 1762 2637 di·

350 2675 467 2757 eitur.
501 2677 721 2759 Gerieratio
755 2681 921 2786 quidem
958 2681 1109 2784 Chaak‚
1152 2711 1246 2764 oum
1282 2684 1370 2766 aliis
1404 2681 1653 2790 quibusdam
1689 2707 1761 2784 ge-

350 2797 633 2882 nerationibus
668 2802 1010 2908 conspirauerunt
1042 2819 1184 2886 eorrtra
1216 2807 1338 2888 istum
1372 2832 1524 2910 regem,
1560 2827 1663 2912 quos
1688 2827 1766 2910 per

349 2917 587 3004 Hoholdmn
622 2935 663 3005 et
694 2950 811 3006 suam
848 2925 1033 3010 militiam
1069 2926 1217 3011 dieitur
1251 2928 1504 3012 contriuisse.

635 3238 824 3322 XXVIII.
859 3235 928 3317 De
956 3239 1254 3342 generatione
1282 3237 1472 3320 Kaleon

507 3481 705 3589 Stephani
739 3487 916 3568 Larlizlai
949 3501 988 3567 et
1022 3489 1203 3593 Gregorii
1236 3490 1413 3572 tiliorum
1435 3487 1591 3570 Keleed
1620 3511 1767 3592 prosa·

352 3603 420 3710 pia
455 3604 505 3684 (le
538 3604 752 3711 prouincia
785 3605 939 3717 hleysie
974 3625 1109 3692 ortum
1144 3611 1280 3694 habet.
1314 3611 1548 3719 Stephanus
1582 3608 1693 3690 enim
1721 3607 1769 3686 li·

351 3725 430 3806 lius
463 3726 540 3806 fuit
572 3728 719 3810 sororis
765 3729 1020 3840 lleysuensis
1065 3733 1322 3835 marchionis,
1365 3733 1471 3815 filius
1516 3729 1677 3814 comitis
1714 3729 1768 3808 ‹le

352 3845 534 3928 Herlohl.
579 3849 656 3944 Qui
701 3855 835 3934 occiso
878 3853 1070 3959 'l'uringie
1114 3855 1342 3962 Langrauiu
1387 3855 1426 3936 in
1461 3851 1686 3936 Franefurd
1726 3851 1766 3932 in

354 3968 573 4076 sollempni
607 3972 729 4074 curia,
776 3975 845 4056 ubi
894 3975 1117 4082 imperator
1159 3977 1252 4084 eligi
1285 3977 1440 4077 debuit,
1474 4004 1548 4085 per
1581 4003 1679 4056 eum
1715 4001 1766 4055 ao

354 4117 428 4197 per
459 4091 571 4196 alios,
605 4093 705 4174 dum
748 4097 1006 4179 reocoidenrli
1049 4099 1253 4182 sententia
1293 4127 1367 4208 per
1400 4097 1615 4182 Alaruanie
1650 4095 1767 4202 prin-

355 4213 467 4320 eipes
500 4226 642 4296 eontra
673 4216 810 4325 ipsum
843 4220 926 4301 lata
958 4235 1077 4323 esset,
1112 4220 1258 4305 (liebus
1291 4221 1459 4330 Geyehe
1485 4220 1590 4326 regis
1606 4218 1680 4299 filii
1698 4245 1767 4300 se·

355 4335 478 4416 eundi
514 4337 610 4419 Bele
644 4340 857 4422 deseendit
889 4343 929 4423 in
962 4341 1215 4425 Pannoniam
1260 4373 1354 4427 eum
1398 4342 1613 4425 dextrariis
1644 4340 1768 4421 falle·

356 4459 452 4540 ratis
484 4461 785 4566 sexaginta,'et
817 4492 840 4545 a
873 4491 966 4570 rege
1008 4465 1191 4572 predicto
1235 4479 1425 4574 receptus
1466 4463 1767 4570 sollempniter.

358 4581 522 4688 optimis
556 4596 597 4663 et
628 4584 719 4668 latis
753 4586 1081 4693 possessionibus
1115 4588 1343 4692 imrestitur,
1377 4601 1499 4696 prout
1529 4597 1655 4694 patet,
1675 4584 1768 4691 ipso

359 4703 397 4782 in
432 4701 687 4811 Meysnensis
720 4709 895 4814 regionis
927 4709 1235 4816 proscriptionis
1267 4737 1419 4818 penam
1452 4709 1640 4790 intrante.
1685 4705 1768 4786 Eo-

359 4853 449 4905 rum
484 4853 580 4908 rero
612 4831 831 4934 generatio,
867 4831 936 4936 qui
970 4832 1163 4918 dicuutur
1195 4833 1246 4922 (le
1279 4831 1462 4939 Boiotha‚
1480 4832 1531 4914 de
1564 4829 1770 4938 Samberg

360 4947 571 5040 descendit
604 4951 643 5040 iu
676 4951 942 5046 Paummiam,
