3896 5758
978 545 991 555 .
1029 432 1091 521 rte

359 661 571 772 Hungarie
620 695 714 749 curn
760 667 957 750 deaurata
998 670 1144 752 lancea
1182 666 1349 752 tradidit
1392 695 1529 750 coram
1562 665 1764 775 hungaris

355 788 477 870 simul
512 802 553 870 et
584 789 816 871 teutonicis,
850 789 990 872 Multis
1008 793 1138 873 eciam
1174 790 1343 901 insuper
1365 805 1406 874 et
1423 791 1651 897 magnificis
1668 819 1766 873 mu·

354 910 523 992 neribus
556 910 682 993 Cesar
713 912 1004 995 honorificatus
1036 941 1061 995 a
1094 942 1198 1020 rege,
1232 916 1284 996 ad
1316 914 1481 1023 propria
1512 913 1631 994 rediit
1664 941 1763 995 curn

354 1032 493 1137 gloria.
526 1033 688 1114 interea
719 1031 855 1114 Endre
888 1047 929 1115 et
960 1035 1061 1118 Bela
1093 1049 1134 1117 et
1165 1037 1362 1139 Leuente,
1392 1036 1462 1143 qui
1495 1037 1688 1142 fugerant
1720 1037 1765 1116 in

354 1154 607 1257 Bohemiarn,
652 1156 747 1236 inde
790 1171 957 1264 propter
997 1159 1253 1266 paupertatis
1293 1158 1475 1266 inopiam
1509 1157 1766 1240 transierunt

353 1276 396 1357 in
427 1276 650 1380 Poloniam,
701 1291 796 1358 eta
828 1278 956 1360 Misce
988 1279 1094 1362 duce
1125 1279 1294 1362 Polonie
1326 1281 1505 1385 benigne
1537 1293 1635 1362 sunt
1667 1305 1764 1362 sus·

354 1399 476 1506 cepti,
511 1413 553 1480 et
584 1398 783 1481 honorati.
816 1400 933 1482 Tunc
965 1427 1062 1482 vero
1094 1403 1312 1483 Pomorani
1344 1427 1503 1484 annuas
1535 1402 1764 1508 pensiones

354 1519 452 1602 duci
481 1519 730 1603 Polonorum
767 1523 834 1604 cui
865 1525 1125 1626 tenebantur,
1158 1524 1329 1605 reddere
1361 1541 1617 1606 recusarunt.
1656 1521 1762 1606 Dux

352 1668 450 1723 vero
505 1670 676 1726 censum
726 1643 804 1726 sibi
852 1643 1037 1728 debiturn
1080 1646 1373 1730 aPomoranis
1422 1661 1580 1728 armata
1626 1673 1763 1728 manu

353 1765 464 1871 cepit
496 1765 673 1870 exigere.
716 1765 955 1848 Pornoranis
1002 1768 1142 1875 itaque
1175 1767 1346 1876 paganis
1373 1783 1414 1849 et
1450 1768 1612 1875 polonis
1646 1767 1759 1849 chri-

352 1887 494 1969 stianis
536 1887 813 1968 communiter
844 1889 939 1996 (54)
973 1889 1140 1996 placuit,
1178 1904 1226 1971 ut
1266 1891 1394 1973 duces
1427 1917 1570 1971 eorum
1614 1889 1763 1972 duello

353 2007 628 2114 confligerent,
671 2022 712 2090 et
752 2009 784 2091 si
822 2010 988 2091 caderet
1029 2011 1220 2094 desuetus
1267 2039 1532 2119 pomoranus,
1579 2037 1762 2094 consue·

351 2145 438 2212 tarn
490 2132 747 2238 persolueret
796 2133 1065 2239 pensionem3
1109 2134 1143 2216 si
1182 2160 1280 2216 vero
1332 2134 1521 2242 polonus
1572 2147 1764 2216 tantum·

353 2253 476 2334 modo
509 2253 691 2360 dampna
729 2252 855 2335 fleret.
889 2253 994 2337 Cum
1029 2256 1152 2362 igitur
1191 2255 1319 2339 Misca
1362 2256 1451 2338 dux
1486 2271 1528 2337 et
1559 2256 1631 2337 filii
1664 2255 1762 2339 eius

351 2375 564 2455 horrerent
595 2374 779 2456 duellum
814 2403 1025 2458 assumere
1058 2378 1295 2486 inpositum,
1331 2378 1432 2460 Bela
1467 2378 1649 2486 seipsum
1686 2405 1768 2486 per

350 2497 527 2580 uerbum
561 2497 794 2605 interpretis
841 2498 884 2578 in
916 2499 1100 2581 medium
1138 2499 1416 2602 introducens,
1463 2501 1523 2584 sic
1570 2500 1766 2583 dicebat:

351 2617 392 2699 Si
427 2618 542 2701 vobis
575 2617 736 2731 polonis
770 2635 811 2700 et
842 2620 1009 2702 domino
1042 2621 1138 2703 duci
1170 2622 1318 2731 placet,
1353 2624 1544 2730 quaumis
1577 2623 1655 2706 sim
1684 2649 1766 2704 no·

350 2740 470 2823 bilior
501 2767 627 2847 quam
658 2767 845 2848 paganus
877 2742 957 2846 ille,
991 2757 1130 2826 tamen
1164 2745 1359 2852 pugnabo
1392 2772 1465 2853 pro
1498 2745 1613 2850 regni
1628 2743 1765 2828 uestri

352 2862 571 2944 commodo
605 2875 646 2944 et
677 2862 831 2945 honore
865 2864 994 2947 ducis.
1026 2865 1186 2947 Placuit
1216 2866 1357 2973 itaque
1384 2881 1468 2948 tam
1487 2892 1720 2974 pomorano
1732 2861 1766 2974 ¹)

351 2998 392 3066 et
422 2984 596 3091 polonis.
645 2984 836 3092 Cumque
885 2987 1030 3068 armati
1075 3017 1168 3070 cum
1212 2988 1359 3069 lancea
1389 3015 1434 3072 se
1467 2983 1765 3097 ninxissent,²)

349 3119 436 3188 tarn
478 3107 650 3188 uiriliter
695 3133 970 3216 pornoranurn
1012 3110 1142 3192 fertur
1180 3111 1282 3192 Bela
1322 3111 1374 3192 de
1417 3137 1492 3194 suo
1547 3111 1764 3194 dextrario

350 3229 585 3332 detrusisse,
618 3244 665 3311 ut
697 3229 747 3309 de
781 3230 871 3311 loco
904 3257 979 3314 suo
1012 3259 1056 3314 se
1090 3258 1259 3314 mouere
1292 3259 1376 3314 non
1420 3233 1564 3340 potuit,
1598 3246 1640 3314 et
1670 3233 1765 3338 gla-

351 3352 418 3432 dio
449 3353 681 3460 perfossum
725 3353 957 3458 prostrauit.
1001 3352 1311 3461 Confessusque
1345 3369 1408 3438 est
1437 3355 1527 3462 ipse
1559 3355 1648 3437 dux
1680 3382 1764 3463 po·

350 3499 545 3556 moranus
578 3501 623 3556 se
657 3474 921 3580 culpabilem.
965 3473 1056 3570 Quo
1088 3477 1176 3558 riso
1208 3477 1424 3584 pomorani
1457 3477 1554 3560 duci
1585 3473 1764 3561 Polonie

350 3595 560 3678 humiliter
590 3596 744 3678 subditi
775 3596 941 3679 solitum
975 3598 1174 3680 tributum
1207 3599 1296 3680 sine
1314 3599 1642 3682 contradiccione
1659 3625 1763 3709 per·

350 3718 575 3800 soluerunt.
608 3717 707 3798 Dux
742 3743 838 3799 vero
869 3719 965 3800 iude
998 3733 1210 3803 reuertens
1244 3747 1338 3803 cum
1372 3722 1548 3804 uictoria
1580 3748 1656 3830 per
1674 3723 1761 3806 Be·

349 3839 431 3920 lam
466 3839 653 3946 aquisita,
687 3840 904 3921 audaciam
937 3855 978 3921 et
1008 3842 1235 3950 potentiam
1269 3842 1421 3926 ualoris
1453 3844 1494 3924 in
1527 3843 1761 3930 Beladuce

350 3960 603 4063 collaudans,
638 3989 733 4042 curn
766 3974 853 4044 toto
886 3989 1015 4045 censu
1058 3964 1323 4072 pomoranico
1357 3965 1394 4046 ei
1426 3965 1593 4047 tradidit
1623 3965 1762 4050 filiam

348 4109 464 4166 suam
500 4082 540 4164 in
573 4109 761 4186 uxorem,
795 4098 836 4165 et
867 4085 1063 4168 uniuersa
1095 4114 1176 4194 que
1204 4087 1282 4168 sibi
1298 4088 1532 4170 necessaria
1546 4083 1760 4198 fuerant³)

347 4205 600 4289 sufficienter
632 4220 673 4286 et
704 4205 870 4314 copiose
901 4207 1118 4290 ministrari
1152 4209 1348 4316 precepit,
1383 4224 1426 4290 et
1457 4237 1553 4292 eum
1586 4210 1626 4291 in
1663 4237 1760 4292 orn·

348 4328 471 4410 nibus
504 4327 749 4410 honoratum
783 4328 823 4409 iu
842 4328 997 4412 ducatu
1028 4357 1103 4414 suo
1136 4331 1280 4431 tenuit,
1313 4359 1363 4412 ac
1379 4333 1490 4414 bona
1521 4334 1758 4440 quantitate

348 4449 399 4531 de
432 4463 540 4532 terra
573 4450 751 4533 eundem
786 4451 1014 4534 hereditare
1045 4479 1130 4534 non
1162 4453 1310 4535 omisit.

347 4638 513 4648 --——--
537 4641 555 4650 -ι

455 4707 480 4812 ¹)
509 4731 609 4802 quarn
636 4707 724 4783 duci.
753 4709 830 4784 add.
859 4707 901 4784 Α.
933 4704 960 4802 ⁸)
989 4708 1193 4786 innuissent.
1221 4710 1263 4786 A.
1294 4707 1321 4811 ⁸)
1351 4712 1465 4786 forent
1492 4713 1531 4789 Τ.
