3896 5758
773 483 928 584 Q

300 696 407 794 Quia
438 725 535 780 vero
568 700 656 782 dux
689 728 766 783 nec
798 697 965 781 fratrem
998 725 1122 782 suurn
1153 711 1388 807 presentem
1421 697 1549 782 habe·

150 819 226 920 bat,
259 847 336 902 nec
369 821 595 904 amicorum
640 825 856 923 auxilium,
902 821 1011 903 misit
1051 820 1142 930 Vyd
1175 838 1216 903 et
1246 821 1369 904 Ernei
1401 822 1453 904 ad
1485 848 1558 918 res

148 967 248 1046 gem,
283 943 380 1024 data
411 957 555 1050 treuga
587 971 612 1026 a
642 947 747 1028 festo
780 945 911 1027 sancti
944 943 1118 1046 Martini,
1144 969 1278 1050 usque
1311 944 1363 1026 ad
1394 946 1557 1026 festum¹

146 1063 272 1144 sancti
306 1065 482 1170 Georgii.
516 1065 607 1161 Quo
640 1069 781 1149 andito
813 1094 885 1147 rex
920 1065 1031 1148 misit
1047 1064 1224 1147 Vatham
1247 1079 1288 1147 et
1304 1055 1547 1173 episcopum

147 1183 466 1269 Waradiensem.
500 1188 622 1270 Porro
656 1216 704 1272 eo
738 1202 926 1296 tempore
959 1214 1033 1268 rex
1065 1186 1210 1269 Natale
1248 1187 1474 1270 celebrauit
1506 1187 1549 1267 in

143 1307 230 1388 loco
264 1309 336 1415 qni
368 1308 517 1391 dicitur
547 1311 757 1417 geminum
793 1310 1021 1393 castellum.
1039 1307 1200 1391 Deinde
1219 1310 1333 1390 uenit
1349 1309 1391 1391 in
1408 1311 1546 1391 Zalam

143 1429 212 1511 ubi
244 1427 452 1512 Marchrat
484 1432 572 1514 dux
604 1432 935 1515 theutonicorum
970 1443 1011 1512 et
1042 1430 1134 1539 Vyd
1166 1431 1547 1538 instigaueruutre³

141 1579 243 1656 gem,
279 1565 327 1633 ut
359 1553 510 1634 ducem
544 1554 781 1636 debellaret.
818 1553 1173 1663 Sug(80)gerebat
1205 1554 1315 1634 enim
1351 1552 1429 1634 Vid
1461 1554 1546 1660 regi

142 1671 215 1756 hoc
247 1688 292 1755 et
322 1674 629 1757 huiuscemodi:
663 1676 770 1758 Ecce
803 1703 915 1758 nunc
946 1674 1067 1757 facile
1100 1687 1217 1782 potes
1251 1675 1544 1758 etindnbitan·

140 1809 199 1876 ter
229 1797 381 1878 ducem
415 1796 647 1898 deuincere,
684 1799 781 1906 quia
813 1799 1033 1881 destitutus
1066 1809 1128 1879 est
1160 1797 1272 1879 omni
1304 1797 1471 1900 auxili0,
1506 1810 1547 1878 et

139 1918 172 1999 si
202 1918 412 2002 distuleris
446 1945 543 2002 enm
576 1920 740 2026 aggredi
773 1947 906 2028 usque
932 1919 982 2001 ad
1005 1919 1121 2002 datas
1138 1919 1336 2018 inducias,
1358 1919 1433 2000 erit
1449 1946 1544 2026 spes

140 2039 355 2122 euadendi.
398 2039 589 2148 Cumque
631 2070 705 2123 rex
748 2042 940 2124 Salomon
979 2042 1164 2124 uenisset
1193 2040 1246 2122 ad
1277 2041 1470 2146 Zugzard,
1504 2054 1553 2122 et'

140 2177 271 2244 castra
313 2174 492 2246 metatus
535 2179 645 2246 esset
683 2191 808 2272 super
850 2165 989 2246 locum
1028 2163 1220 2265 Kestelci,
1254 2163 1371 2244 uenit
1402 2162 1543 2245 andire

138 2309 334 2393 uesperas
367 2283 409 2366 in
442 2286 692 2368 monasterio
724 2287 856 2368 sancti
888 2285 1122 2368 Saluatoris,
1157 2284 1254 2367 Post
1285 2310 1483 2391 uesperas
1501 2277 1551 2367 in¹

136 2407 385 2490 monasterio
419 2405 510 2514 Vyd
546 2421 586 2489 et
618 2408 683 2488 alii
719 2408 1017 2490 consuluerunt
1035 2408 1118 2512 regi
1137 2407 1342 2489 dicentes:
1364 2405 1542 2488 Domine

135 2529 314 2631 noueris,
348 2529 459 2636 quod
492 2528 707 2612 Ladinlaus
741 2532 780 2610 in
816 2529 1008 2612 llusriam
1041 2529 1127 2633 init,
1162 2541 1202 2610 et
1234 2528 1540 2636 Lampertusin

138 2649 361 2754 Poloniam,
406 2651 638 2732 conducere
681 2653 910 2733 exercitum
954 2651 1064 2732 fratri
1100 2677 1242 2732 eorum
1276 2652 1371 2733 duci
1390 2643 1542 2759 Geyser

134 2799 230 2880 sepe
268 2773 553 2856 consuluimus
586 2774 659 2855 tibi
693 2787 739 2855 ut
770 2802 882 2855 nunc
914 2773 1090 2856 ueniatis
1123 2801 1249 2881 super
1281 2774 1443 2876 ducem,
1471 2775 1542 2880 qui

135 2909 313 2978 venatur
345 2895 385 2976 in
419 2893 534 3001 lgfan
567 2897 698 2978 noctis
733 2897 772 2976 in
806 2897 974 2977 silencio
1008 2897 1209 3003 impetum
1243 2895 1444 2978 faciamus
1471 2923 1541 2978 sn·

134 3041 205 3122 per
239 3043 351 3119 eum,
387 3018 600 3124 capiamus
634 3045 742 3120 enm,
777 3033 818 3097 et
850 3018 991 3098 oculos
1025 3019 1113 3100 eius
1147 3044 1353 3100 eruamus
1376 3016 1540 3099 Etcum

132 3137 348 3220 Ladizlaus
393 3156 433 3219 et
474 3139 721 3247 Lampertus
763 3141 967 3243 uenerint,
1012 3140 1079 3221 uel
1123 3140 1352 3220 exercitum
1396 3165 1540 3220 secum

132 3260 340 3359 duxerint,
376 3273 517 3342 contra
549 3291 623 3342 nos
657 3277 763 3342 stare
797 3289 878 3342 non
913 3263 1080 3370 possint.
1130 3260 1183 3341 Et
1219 3289 1314 3342 cum
1357 3261 1434 3341 hec
1466 3287 1539 3342 au·

131 3381 281 3464 dierint
323 3385 455 3464 eciam
490 3409 661 3489 reguum
695 3385 844 3464 intrare
884 3413 964 3464 nou
1009 3383 1233 3465 audebunt.
1286 3382 1337 3464 Et
1369 3383 1538 3490 potestis

131 3505 277 3606 lacere,
313 3505 409 3611 quia
443 3533 588 3586 omnes
622 3506 841 3588 c‹·msiliar·ii
874 3506 936 3585 sni
971 3505 1043 3586 tibi
1076 3505 1218 3586 fideles
1252 3519 1359 3586 sunt.
1393 3504 1537 3586 Etdu·

130 3641 268 3708 ratum
304 3627 428 3708 michi
462 3629 590 3730 dabis,
625 3641 665 3707 ct
697 3630 751 3708 ita
785 3628 1046 3742 rmrlirmabis
1081 3653 1272 3708 coronam
1307 3641 1432 3708 tuam.

289 3749 377 3830 Rex
412 3763 551 3830 autem
587 3751 663 3830 lior
697 3751 836 3830 andito
872 3750 1057 3856 promisit
1089 3777 1132 3832 se
1166 3748 1439 3855 cogitaturum
1470 3777 1537 3830 us·

130 3899 210 3976 que
244 3872 295 3952 ad
331 3873 565 3954 nratntinas.
614 3872 665 3951 Et
698 3872 852 3978 placuit
885 3872 1100 3952 consilium
1134 3884 1229 3953 ante
1262 3872 1403 3954 ‹rculos
1437 3871 1537 3952 cius.

130 3993 272 4076 ,tubas
305 4007 444 4075 antem
480 3995 664 4076 eiusdem
699 3995 789 4095 lori,
824 3994 989 4073 nomine
1025 3991 1262 4074 ll'illermus
1283 3993 1536 4101 latinus,qui

128 4129 214 4196 erat
248 4117 289 4195 in
322 4117 525 4197 absconso
560 4117 649 4196 loco
683 4117 861 4218 clausus,
896 4116 1012 4222 (prasi
1046 4116 1169 4196 <lenm
1199 4115 1429 4223 premimur
1451 4143 1537 4195 mo·

126 4239 317 4340 nasterio,
351 4238 512 4319 audiuit
545 4239 760 4319 comitium
796 4237 962 4345 (pratulo
995 4238 1150 4317 lactum
1186 4252 1258 4318 est.
1293 4237 1371 4332 (lui
1398 4239 1535 4320 statim

128 4359 325 4440 nuncium
362 4361 470 4442 misit
502 4361 552 4440 ad
587 4361 735 4441 durcm
772 4374 812 4439 rt
843 4360 1009 4458 litteras,
1044 4372 1089 4440 ut
1121 4359 1197 4440 sibi
1230 4360 1281 4438 de
1300 4385 1393 4464 rege
1412 4387 1535 4440 talne·

126 4500 198 4562 ret.
233 4481 337 4562 Cum
374 4495 511 4564 autem
548 4482 724 4563 nrmcius
757 4483 805 4561 ud
841 4481 991 4562 ‹luccm
1025 4481 1218 4582 uenisset,
1253 4498 1368 4562 crant
1385 4481 1441 4561 ibi
1459 4481 1534 4564 ini·

127 4604 196 4709 qui
232 4604 463 4707 cormilirnii,
513 4619 552 4684 ct
596 4605 722 4711 ipsius
766 4605 882 4684 duris
926 4603 1148 4704 traditores,
1184 4602 1331 4682 l'etrud
1366 4602 1532 4706 scilicet,

126 4725 300 4808 Zmrnulr
335 4741 375 4806 ct
407 4725 554 4834 Bykes.
590 4727 668 4820 (lui
702 4725 915 4807 dixerunt:
956 4723 1131 4805 llomine
1168 4724 1255 4806 (lux
1290 4753 1341 4804 ne
1375 4724 1531 4821 liniens,

127 4847 324 4954 «proniani
366 4849 496 4930 abbas
541 4847 725 4929 ebriosus
759 4859 831 4948 est,
875 4859 915 4926 ct
949 4847 987 4925 in
1022 4845 1219 4927 ebrietate
1255 4871 1332 4926 sua
1373 4847 1422 4926 ad
1457 4873 1531 4930 uos

127 4969 325 5054 nuncium
360 4971 481 5067 misit,
516 4985 557 5050 et
589 4971 720 5054 nescit
752 4969 849 5081 quid
885 4970 1088 5076 loquatur.
1126 4965 1214 5050 Hoc
1247 4985 1386 5052 autem
1420 4967 1531 5052 dire·
