3900 5762
966 433 1120 534 Q

342 659 467 755 atquo
501 647 699 730 orientem
729 647 1035 756 longelateqne
1068 678 1191 732 sunm
1225 647 1443 756 imperium
1480 643 1749 744 extendisset,

341 773 528 852 vertebat
562 773 598 852 iu
635 772 771 852 animo
806 799 880 853 sno
915 774 1187 875 transfretare,
1222 785 1267 852 nt
1299 770 1481 880 Egiptios
1516 769 1689 850 Assirios
1709 785 1752 848 et

341 893 534 975 Affiioarn
569 893 818 999 subiugaret.

740 1138 792 1219 X.
826 1132 975 1240 Atyla
1004 1157 1086 1216 rex
1114 1140 1349 1217 uxoratur.

497 1382 613 1463 'suno
645 1383 769 1464 filiam
805 1385 908 1488 regis
926 1385 1222 1466 Br‘aetanornm
1242 1383 1408 1465 nornine
1426 1379 1603 1462 Miknlelr
1623 1407 1751 1486 snpra

339 1507 513 1585 furrnarn
548 1504 772 1586 humanam
806 1505 1052 1612 pnlrriorern
1086 1508 1161 1588 sibi
1198 1506 1411 1587 adrinennt
1437 1504 1487 1584 ad
1511 1502 1751 1583 amandum.

341 1625 473 1722 Quam
510 1627 549 1706 in
582 1639 742 1708 tantum
777 1654 937 1709 amasse
971 1629 1221 1734 perhibetur,
1255 1641 1301 1710 nt
1334 1627 1503 1706 modum
1558 1650 1751 1705 excesse-

341 1763 414 1850 rat,
449 1748 568 1830 siouti
601 1750 725 1830 moris
760 1763 845 1829 erat
878 1751 913 1830 ei
947 1751 986 1830 in
1022 1752 1215 1858 potando.
1260 1749 1469 1856 Faetoqne
1502 1747 1584 1828 tine
1618 1746 1751 1827 coitus

344 1871 480 1978 puelle
513 1898 647 1977 nsque
660 1866 689 1977 ¹)
724 1885 978 1974 eonsrnnato,
1021 1874 1071 1953 de
1113 1874 1280 1954 naribns
1315 1873 1402 1952 eins
1436 1869 1601 1974 sangnis
1635 1895 1749 1973 egre·

342 1994 458 2074 diens
491 1993 639 2099 supino
673 1993 891 2075 dormienti
925 2023 1044 2076 eruor
1077 2023 1149 2102 per
1182 2023 1225 2074 os
1258 1995 1297 2074 in
1319 2007 1460 2097 guttur
1477 1991 1655 2094 intrauit,
1678 1990 1750 2071 ubi

343 2115 510 2220 sanguis
552 2115 791 2218 eoagulatus
837 2130 1011 2197 trae-turn
1055 2118 1286 2225 impediens
1320 2114 1539 2216 anhelitus,
1582 2112 1749 2220 Atylam

342 2237 559 2318 interemit.
605 2233 783 2318 Miltolrb
828 2266 925 2319 vero
964 2239 1014 2319 de
1048 2265 1223 2347 sompno
1262 2239 1452 2336 excitata,
1496 2265 1590 2342 rnnr
1625 2262 1749 2316 sunm

341 2359 556 2439 dominum
590 2371 705 2439 motu
739 2360 860 2440 aeleri
894 2361 1104 2466 tetigisset,
1138 2376 1178 2443 et
1211 2362 1277 2441 ille
1310 2389 1353 2442 se
1388 2383 1655 2439 monerenon
1675 2381 1749 2463 po-

341 2481 500 2580 tuisset,
534 2507 706 2562 remens
740 2509 888 2589 eorpus
921 2483 1156 2587 frigidatnm
1191 2498 1232 2564 et
1264 2483 1472 2589 prinatrnn
1508 2481 1643 2560 ealore
1676 2505 1750 2559 na·

340 2602 459 2684 turali
494 2603 767 2684 cubicularios
798 2599 972 2711 regios²)
992 2605 1146 2686 eiulatu
1166 2632 1316 2711 magno
1335 2604 1430 2710 (18)
1449 2603 1498 2683 arl
1519 2629 1562 2683 se
1581 2627 1748 2703 vorans,

340 2724 555 2805 dominnm
589 2752 709 2806 snum
746 2726 804 2805 eis
837 2727 1123 2808 ‹iernonstrans
1158 2729 1350 2808 nninerse
1384 2725 1516 2806 earnis
1550 2724 1657 2804 viam
1685 2723 1747 2802 in·

340 2847 496 2928 troisse.
530 2847 609 2941 tini
642 2873 741 2927 sane
774 2847 953 2929 elamore
988 2851 1155 2929 terribili
1202 2847 1496 2956 perstrependo
1532 2845 1747 2926 uniuersos

339 2968 483 3074 vigiles
515 2969 565 3048 ad
599 2968 730 3049 hostia
764 2970 904 3076 palatii
941 2998 1081 3052 eornnr
1118 2972 1273 3053 eiulatu
1305 2973 1493 3051 teneurunt
1535 2967 1742 3048 cursitare.

339 3089 683 3197 Sepeliernntqne
718 3120 812 3172 emn
849 3119 943 3172 enm
980 3091 1096 3173 Weie
1134 3093 1314 3173 iiadirba
1348 3105 1389 3172 et
1422 3091 1555 3185 lton„
1585 3100 1625 3168 et
1657 3089 1746 3169 aliis

339 3212 564 3321 capitaneis
598 3212 804 3294 bunorrnn
839 3214 878 3293 in
913 3215 1002 3295 loeo
1036 3216 1227 3322 superius
1261 3225 1499 3294 memorat).
1521 3211 1744 3315 Dinnlgatn

337 3335 460 3440 igitur
491 3335 579 3416 eius
612 3334 738 3435 obitu,
774 3335 988 3441 obstupuit
1029 3351 1139 3419 totns
1183 3337 1376 3436 mundns,
1418 3349 1458 3415 et
1495 3349 1633 3414 utrum
1669 3332 1743 3413 ini·

338 3456 433 3537 miei
467 3457 554 3536 eius
589 3456 787 3561 lugerent,
822 3485 872 3537 an
884 3454 915 3564 ³)
934 3460 1162 3560 gauderent.
1178 3459 1423 3557 testrabant,
1441 3455 1618 3536 tiliorum
1637 3453 1744 3537 mul·

337 3577 555 3660 titudinem
591 3579 871 3679 formidantes,
907 3581 975 3686 qni
1011 3582 1127 3688 (prasi
1163 3581 1305 3688 populi
1340 3580 1408 3660 vix
1445 3589 1636 3685 poterant
1668 3605 1743 3658 nu-

338 3699 498 3781 merari.
532 3699 584 3780 ltt
615 3701 839 3780 or·edebant
872 3701 1053 3808 aliquem
1088 3718 1181 3810 post
1213 3703 1372 3784 obitnrn
1408 3701 1533 3808 patris
1567 3727 1619 3779 ex
1654 3698 1742 3780 filiis

339 3839 619 3926 regnaturum.
653 3821 808 3902 ¹Detriei
841 3850 937 3904 vero
972 3839 1011 3905 et
1044 3826 1215 3907 aliorum
1267 3823 1500 3932 prinripnnn
1534 3823 1743 3902 alamanu-

336 3973 428 4026 rum
462 3943 623 4045 astutia,
659 3944 810 4050 quibus
844 3973 917 4024 rex
951 3947 1060 4028 Atila
1094 3948 1135 4027 in
1169 3947 1274 4027 eollo
1310 3946 1548 4053 imperando
1593 3944 1744 4025 reside·

337 4067 419 4167 bat,
453 4065 658 4147 hunorum
694 4066 886 4172 inpartita
919 4070 1194 4150 eonnnnnitas
1228 4069 1267 4149 in
1303 4081 1439 4176 partes
1473 4065 1659 4148 diuersas
1685 4079 1744 4146 est

336 4189 480 4271 diuisa.
513 4187 573 4267 Ita
607 4187 774 4295 quidem
808 4201 855 4268 nt
882 4190 1048 4294 quidam
1084 4191 1268 4271 (brabant
1302 4189 1407 4296 regis
1434 4189 1564 4269 filiurn
1584 4214 1635 4267 ex
1656 4215 1745 4293 gre·

337 4337 478 4392 eorum
513 4310 781 4417 imperatorio,
825 4310 981 4392 seilicet
1021 4311 1190 4394 Honorii
1233 4312 1314 4392 tilia
1353 4324 1627 4419 procreatum,
1674 4309 1740 4391 alii

337 4459 433 4513 rero
468 4431 707 4512 Aladarimn
747 4460 797 4512 ex
834 4435 1054 4515 ‹ter-inante
1097 4434 1342 4542 prinoipissa
1378 4433 1535 4514 seilicet
1578 4433 1742 4513 domina

337 4553 633 4637 Crumheldina
666 4566 924 4661 procreatum
960 4556 999 4635 in
1035 4585 1171 4663 regern
1206 4569 1300 4664 post
1326 4555 1480 4636 Atilarn
1514 4554 1591 4636 sibi
1622 4553 1741 4662 prefi-

337 4703 429 4758 cere
470 4675 718 4758 nitebantur.
761 4676 905 4756 Sanior
947 4705 1046 4760 uero
1083 4673 1179 4785 A)
1215 4679 1420 4760 hunorum
1460 4677 1558 4759 dum
1603 4676 1741 4758 Chabe

336 4869 540 4878 —n——n--

444 4933 469 5039 ¹)
499 4958 641 5030 usuque.
671 4937 709 5009 T.
742 4931 769 5034 ²)
799 4939 902 5037 regi.
935 4941 962 5031 ³)
991 4942 1060 5015 ant.
1094 4935 1120 5040 ⁴)
1150 4959 1229 5034 pars
1258 4937 1335 5012 add.
1365 4937 1403 5010 Τ.
