3898 5752
939 517 1093 618 „roc—

306 724 430 809 brari.
463 727 510 808 In
544 755 626 836 quo
658 730 789 838 prelio
822 731 873 812 de
904 732 1058 814 familia
1092 732 1197 839 regis
1229 730 1369 812 Kokos
1395 730 1504 812 fliius
1520 726 1723 836 Stephani

307 849 406 930 dicti
439 849 581 952 Porch,
615 865 655 932 et
687 851 923 960 Stephanus
964 854 1073 937 filius
1116 849 1311 960 Bagen,¹)
1356 851 1570 934 Ladiziaus
1610 849 1723 932 filius

305 969 476 1074 Thone,
509 971 685 1056 Iacobus
718 973 826 1057 filins
859 975 1053 1079 Arado-ii,
1087 975 1263 1058 Michael
1296 974 1405 1056 filius
1438 972 1557 1073 Petri,
1592 972 1722 1079 (139)

306 1092 446 1174 Gnrke
480 1109 521 1175 et
553 1093 729 1177 Miehaei
761 1095 833 1178 filii
867 1097 1019 1201 Gurke‚
1053 1113 1094 1182 et
1125 1099 1270 1180 Petrus
1304 1095 1553 1177 castellanus
1570 1093 1621 1174 de
1639 1093 1721 1174 Be·

304 1241 377 1321 reg
409 1215 583 1324 preclari
624 1218 785 1300 nobiles
826 1235 1080 1303 corrnerunt.
1130 1219 1268 1302 Gurke
1312 1219 1391 1300 sub
1424 1216 1578 1298 uexillo
1611 1217 1721 1320 regis

304 1336 561 1420 uexilliarius
606 1338 788 1422 existens
832 1343 1004 1446 occisus,
1050 1342 1206 1426 uexillo
1253 1340 1359 1446 regis
1408 1337 1594 1438 cadente,
1638 1339 1721 1420 sub

304 1459 461 1540 uexillo
496 1461 788 1542 cruciferorum
823 1489 917 1568 rege
951 1479 1175 1572 pugnante.
1208 1461 1271 1543 Ex
1307 1475 1421 1570 parte
1456 1488 1554 1540 uero
1587 1461 1718 1540 altera

303 1579 540 1664 Demetrius
574 1583 680 1665 iilius
714 1583 870 1665 Nicolai
905 1606 945 1666 et
978 1589 1071 1672 Aba
1103 1586 1310 1694 principes
1329 1580 1716 1683 exer·eitns,acduo

304 1702 374 1784 iiiii
409 1702 582 1784 (irnodei
617 1707 758 1788 nrortis
791 1707 925 1789 iaculo
959 1709 1164 1792 uulnerati
1193 1731 1442 1815 prepropere
1461 1703 1714 1805 ceciderunt7

304 1840 344 1905 et
377 1827 443 1906 alii
479 1827 772 1934 ‹luarnpitrrinri
806 1827 982 1910 letaliter
1014 1830 1184 1914 sauciati
1218 1828 1372 1908 ibidem
1402 1841 1442 1907 et
1474 1825 1571 1908 aiibi
1602 1852 1715 1906 mor·

304 1947 354 2029 tis
388 1947 527 2028 debita
558 1950 868 2055 persoluerunt3
902 1965 943 2032 et
973 1953 1071 2035 licet
1103 1980 1157 2034 ex
1191 1963 1305 2058 parte
1339 1950 1444 2056 regis
1471 1948 1611 2056 plures
1643 1975 1715 2028 ce·

306 2068 506 2172 ciderunt,
542 2083 680 2152 tamen
714 2099 787 2152 rex
820 2074 1035 2156 uictoriam
1070 2071 1246 2156 obtinuit
1278 2073 1463 2176 gloriose.
1490 2069 1607 2166 Quod
1625 2071 1715 2150 fac-

305 2205 393 2272 turn
428 2219 453 2273 a
485 2192 562 2272 deo
596 2220 686 2274 esse
720 2195 928 2280 credimus
961 2211 1002 2278 et
1033 2199 1222 2279 fatemur.

303 2521 468 2605 XCVII.
503 2516 667 2601 Obitus
686 2520 867 2603 domino
886 2523 1033 2604 Mario
1048 2525 1196 2628 prime
1211 2524 1371 2606 uxorin
1385 2523 1512 2628 regia
1533 2521 1715 2603 Koroli.

375 2775 389 2782 .‚
462 2787 584 2867 rinno
618 2789 773 2870 dornini
805 2787 1076 2873 MCOCXVc
1114 2791 1281 2872 dornino
1314 2789 1442 2870 Maria
1462 2789 1713 2896 prirnaoon-

305 2934 392 2990 sors
425 2908 579 2990 domini
614 2911 719 3016 regis
752 2913 925 2992 nacione
957 2914 1111 3020 polono
1135 2912 1218 2994 fitia
1235 2911 1352 2994 ducis
1369 2909 1717 2993 Kasrneriitercio

305 3029 372 3110 die
406 3044 499 3138 post
529 3032 681 3114 festunr
715 3035 836 3115 beate
869 3035 995 3116 Lucie
1030 3035 1203 3140 uirginis
1238 3050 1280 3116 et
1309 3033 1499 3142 martyris
1532 3033 1574 3112 in
1607 3031 1718 3112 The·

306 3177 479 3234 nreswnr
511 3152 595 3235 uite
629 3183 795 3236 cursuro
828 3156 1002 3238 feliciter
1033 3156 1285 3258 terrninauit‚
1320 3169 1361 3235 et
1393 3156 1433 3235 in
1463 3153 1714 3258 Albaregali

306 3273 346 3354 in
381 3275 555 3356 ecclesia
587 3278 709 3358 beate
742 3277 909 3383 virginis
936 3291 1041 3360 terre
1068 3279 1224 3384 gremio
1244 3278 1572 3359 commendatur.
1591 3279 1714 3356 Anno

306 3396 462 3477 dornini
511 3396 841 3481 rtoooxvrtlo
889 3402 1053 3509 accepit
1099 3429 1175 3482 rex
1225 3399 1437 3480 dorninarn
1485 3396 1716 3480 Beatricem

307 3517 433 3598 filiurn
469 3519 575 3624 regis
609 3547 874 3604 romanorun]
908 3549 1092 3606 sorore-m
1125 3523 1231 3628 regis
1249 3522 1521 3604 bohemorum
1540 3520 1591 3602 de
1607 3533 1712 3600 terro

307 3639 711 3747 Luchnrnburgensi‚
747 3671 829 3750 que
862 3645 904 3726 in
936 3644 1206 3730 reuolueione
1224 3643 1409 3728 eiusdem
1436 3642 1534 3724 anni
1567 3641 1715 3724 obdor-

308 3761 430 3842 minit
465 3761 506 3841 in
539 3762 720 3867 domino,
755 3780 796 3846 et
827 3763 1039 3848 Waradini
1073 3767 1113 3848 in
1141 3765 1364 3848 cathedrali
1382 3763 1558 3847 ecclesia
1574 3779 1714 3847 turnu-

308 3883 428 3965 latur.
463 3882 619 3965 Eodem
654 3913 763 3968 anno
797 3889 1016 3971 eeclesiam
1048 3890 1170 3971 beate
1202 3887 1369 3994 virginis
1386 3887 1613 3986 albensem,
1631 3911 1714 3992 que

312 4005 554 4110 frequenter
586 4007 775 4090 incendio
809 4013 1062 4112 uastabatur,
1105 4011 1259 4117 incepit
1299 4035 1373 4091 rex
1406 4023 1544 4114 tegere
1577 4008 1715 4114 plum·

314 4125 403 4208 beis
435 4129 697 4232 tegumentis,
732 4143 902 4213 etcum
935 4133 1110 4239 gloriosa
1142 4132 1349 4214 testudine
1370 4131 1577 4212 decorare.
1594 4129 1715 4212 insu·

314 4275 389 4356 per
420 4250 550 4330 ecirun
602 4251 835 4360 columpnis
881 4255 1125 4338 firmissimis
1173 4253 1366 4338 stabilire.
1416 4251 1572 4334 Eodem
1605 4277 1715 4332 anno

314 4387 503 4453 mortuus
537 4385 599 4454 est
631 4371 821 4458 Matheus
854 4377 1073 4484 palatinus.

314 4560 520 4569 ——..

422 4637 447 4748 ¹)
477 4647 614 4748 Bageri.
644 4651 683 4726 T.
