3898 5752
775 469 930 579 Q„

150 695 240 806 fieri
260 700 497 802 praemunit,
544 709 584 774 ut
625 693 795 775 omnibus
828 695 913 774 aliis
949 692 1118 773 turribus
1152 697 1392 796 premineret.
1432 691 1555 793 Quom

161 847 240 899 cura
271 819 413 900 solario
446 833 479 898 et
511 821 683 898 titutione
717 815 918 915 roborans,
956 829 997 894 ut
1028 820 1196 895 onmium
1228 821 1452 896 e'ntuentimn
1485 842 1555 920 np-

157 955 265 1044 peret
303 941 419 1020 oculis
461 938 682 1019 mirabiliter
723 941 943 1017 eeeuustemit.
980 938 1034 1016 lt't
1074 938 1155 1016 licet
1179 952 1345 1018 castrum
1378 952 1467 1018 esset
1497 943 1555 1017 in·

161 1061 403 1169 cuprmnalrile
434 1075 468 1140 et
486 1063 661 1168 firmum,
689 1074 852 1163 propter
884 1059 1192 1162 multiplicitatem
1226 1065 1400 1155 turrium,
1423 1074 1463 1139 ut
1491 1089 1555 1138 su-

156 1189 283 1290 perius
315 1197 366 1263 cst
393 1187 630 1288 prenn'ssnm,
668 1195 790 1260 tanuen
824 1182 899 1260 alio
934 1207 1042 1260 uenero
1060 1181 1180 1259 solido
1210 1195 1243 1260 et
1262 1184 1488 1290 fortiusque
1505 1181 1558 1260 ad

162 1305 377 1386 Danubium
422 1304 747 1385 circunneallnmlo
769 1305 928 1410 Jirnn'us
973 1300 1184 1382 rolroruuit.
1222 1303 1412 1383 Palatium
1445 1308 1555 1383 etium
1604 1388 1613 1423 Ι

161 1427 476 1532 archiepiscopale
507 1425 554 1506 ob
588 1429 743 1532 antiquo
777 1426 960 1504 elesertum
995 1437 1028 1503 et
1053 1423 1556 1534 inleoln'taln'lcseeitsurremo

159 1550 278 1632 strulio
311 1563 539 1648 restaurare,
573 1561 606 1626 et
637 1547 732 1626 dieas
749 1547 913 1650 capellae
945 1547 991 1625 ele
1008 1546 1123 1626 lutere
1139 1547 1280 1648 pretiatii
1295 1560 1557 1653 conserpentes

156 1672 244 1776 feeit
274 1671 452 1764 edificare
484 1673 652 1748 annuum
687 1668 803 1748 oeulis
816 1673 1024 1775 praciqsas.
1046 1667 1208 1770 Insuper
1224 1673 1413 1748 ciuitatem
1432 1682 1555 1748 castro

159 1821 345 1872 annonam
366 1793 529 1901 Jirneom
562 1791 622 1870 celi
648 1794 750 1870 creuit
781 1803 814 1870 et
845 1790 1026 1886 teulidam,
1066 1817 1181 1896 quam
1216 1789 1381 1870 rnenilnes
1407 1790 1556 1870 solidis-

159 1919 259 1994 simis
292 1928 325 1994 et
356 1912 524 1993 turribus
545 1915 779 2020 firmissimis
789 1915 1036 2014 promunturi,
1065 1939 1180 2018 quam
1197 1915 1308 1992 etiam
1328 1912 1556 1994 Ncmeutua·

160 2063 223 2116 ras
255 2041 396 2118 censuit
428 2035 631 2140 appellare.
667 2034 710 2112 ln
752 2062 829 2141 qua
861 2034 1010 2142 qm'elem
1047 2036 1196 2114 ciuitate
1223 2035 1353 2138 plures
1385 2035 1556 2115 eeclesias

160 2161 246 2257 fecit
279 2171 503 2258 construere,
538 2154 670 2264 quilms
704 2155 825 2236 debita
873 2159 1085 2235 neccessario
1128 2156 1284 2263 larqiter
1315 2156 1556 2238 cottclououit.

161 2281 371 2390 Eelifieena't
403 2284 511 2360 etiam
551 2275 742 2386 fratribus
784 2276 992 2357 minoribus
1035 2276 1227 2357 c’ertoln'um
1260 2283 1298 2357 in
1324 2283 1559 2384 possessione

156 2407 323 2508 proprio
360 2401 494 2482 Telelui
525 2414 673 2500 trecate,
707 2400 811 2507 quou'
841 2400 964 2478 multis
996 2398 1184 2500 calicilms,
1229 2405 1459 2482 ornamentis
1499 2402 1558 2480 eli·

161 2530 289 2628 uersis,
323 2524 429 2604 libris
463 2522 585 2602 rrtreltis
627 2536 661 2600 ct
692 2526 841 2624 optimis
883 2521 1090 2601 liberaliter
1121 2527 1298 2625 copiauit.
1332 2524 1558 2604 Benedictus

162 2647 274 2749 Deris,
309 2651 376 2755 qui
406 2647 515 2726 talem
537 2645 699 2754 pr'efecit
725 2645 928 2748 prelatum,
962 2648 1029 2752 qui
1052 2657 1142 2748 post
1172 2672 1312 2724 aurum
1345 2674 1420 2724 non
1453 2644 1556 2746 abiit,

158 2797 223 2850 aee
253 2773 425 2873 speram't
455 2772 494 2846 in
521 2769 686 2870 pecunia
727 2779 761 2845 et
790 2766 984 2866 thesauris,
1026 2767 1092 2845 sed
1132 2772 1259 2846 οιιιιιιίι
1304 2772 1342 2846 in
1375 2795 1483 2848 iesum
1527 2781 1561 2847 et

158 2893 352 2972 utilitatem
385 2890 622 2970 ecclesiarum
657 2893 886 2990 consumpsit
911 2892 1060 2992 pariter
1097 2901 1130 2966 et
1168 2894 1295 2994 caepit.
1345 2890 1559 2970 Redeamus

157 3014 256 3093 irride
301 3039 423 3092 sermo
451 3015 564 3116 prius
596 3014 717 3090 uertit.

547 3237 614 3316 lle
649 3237 908 3318 Feliciano
936 3237 1162 3345 perfido.

158 3517 243 3600 CH.
277 3511 540 3592 Folioienus
567 3513 784 3592 uulnerat
810 3510 1042 3593 dominam
1056 3509 1317 3614 Elyzaboth
1334 3511 1559 3616 reginam.

313 3745 435 3825 Αιιιιο
483 3743 638 3822 domiui
680 3741 967 3824 MOCCXXIX
1009 3757 1195 3826 mortuus
1241 3760 1302 3824 est
1344 3743 1558 3824 Ludizlaus

155 3865 265 3948 filius
321 3865 421 3946 eius.
433 3859 462 3970 ¹)
527 3862 632 3946 Cum
676 3877 815 3946 auteur
858 3864 1030 3972 hysdeur
1080 3867 1336 3972 temporibus
1386 3893 1556 3972 regimur

154 3986 511 4093 Huugariepaois
544 4001 682 4094 optate
715 3987 1009 4093 tranquillitate
1041 3987 1249 4092 gauderet,
1293 4001 1334 4068 et
1365 4015 1557 4070 securum

157 4110 349 4194 essetab
382 4109 568 4191 hostibus
602 4109 938 4216 circumquaque,
978 4109 1092 4216 pacis
1135 4110 1298 4191 emulus
1332 4123 1373 4190 et
1403 4109 1559 4191 iuuidie

156 4232 380 4314 seminator
412 4230 615 4336 dyabolus
650 4230 758 4312 misit
792 4231 830 4310 in
866 4258 934 4311 cor
966 4230 1181 4312 cuiusdam
1222 4230 1359 4312 militis
1393 4232 1559 4312 nomine

156 4353 350 4436 Feliciuni
394 4351 446 4432 de
484 4378 635 4457 genere
683 4351 804 4454 Zaah,
853 4353 1083 4434 inueterata
1125 4352 1296 4456 dierum,
1331 4371 1373 4433 et
1404 4351 1559 4435 canicie

157 4476 237 4556 iam
271 4469 558 4582 respersutn,²)
598 4486 645 4555 ut
684 4474 899 4556 domiuum
942 4502 1064 4556 suum
1102 4501 1239 4580 regem
1273 4475 1484 4576 Karolum,
1519 4489 1560 4554 et

157 4597 367 4679 domiuum
409 4595 633 4702 Elyzabeth
675 4595 870 4702 reginam,
914 4609 955 4677 et
986 4597 1090 4678 duos
1122 4596 1227 4679 filios
1261 4598 1349 4680 eius
1381 4599 1486 4706 Lays
1520 4609 1561 4676 et

264 4873 415 5050 'J'etTiu
445 4871 533 4946 Alba
561 4879 651 4945 terre
679 4873 808 4966 gremio
837 4875 1101 4948 commendatur.
1131 4874 1207 4946 add.
1237 4873 1276 4945 Τ.
1318 4869 1345 4966 ⁹)
1374 4871 1559 4948 inuetereti

160 5002 318 5076 respersu
379 5035 387 5050 .
