3896 5758
983 465 1139 568 aa-

359 681 410 766 de
442 680 596 766 Musun
629 692 671 763 et
700 681 847 786 Poson,
880 682 933 764 ad
964 683 1250 791 temptandam
1283 681 1551 787 Huugariam.
1576 679 1668 762 Rex
1691 704 1764 759 au·

357 819 442 888 tem
476 807 612 914 Geysa
644 804 837 912 peticioni
881 830 1023 887 eorum
1072 807 1450 888 condescensurum
1495 803 1694 912 promisit7
1734 801 1765 883 si

358 928 438 1036 ipsi
469 927 547 1008 hoo
581 927 692 1034 quod
723 926 996 1034 promiserant
1028 929 1313 1036 adimplerent.
1331 927 1490 1009 Bisseni
1508 927 1650 1032 itaque
1668 951 1765 1006 cum

358 1049 545 1159 principe
579 1075 720 1131 eorum
753 1049 900 1131 Zultan
932 1051 1100 1130 nomine
1144 1051 1438 1158 equitauerunt
1469 1077 1594 1156 super
1625 1073 1765 1152 regem

359 1171 636 1255 Salomonem.
673 1170 763 1251 Rex
797 1183 937 1253 autem
970 1171 1165 1254 Salomon
1198 1161 1478 1253 marchionem
1506 1171 1767 1252 theutonico·

358 1324 449 1377 rum
485 1293 685 1401 promissa
716 1295 895 1401 pecunia
927 1295 969 1374 iu
986 1295 1188 1376 auxilium
1208 1296 1364 1378 asciuit.
1387 1293 1577 1401 Cumque
1596 1293 1764 1374 obuiam

359 1432 499 1522 ageret
529 1417 721 1516 Bissenis‚
754 1415 937 1498 marchio
970 1419 1118 1500 uidens
1152 1418 1365 1500 horribiles
1398 1431 1571 1524 aspectu
1592 1413 1768 1496 ettcrri·

359 1539 476 1642 biles,
510 1539 658 1619 timuit.
689 1536 908 1620 Presertim
942 1541 1039 1646 quia
1070 1541 1196 1622 subiit
1227 1541 1268 1620 iu
1302 1551 1487 1620 mentem
1528 1537 1606 1620 sibi
1639 1563 1768 1644 quam

361 1659 651 1744 miserabiliter
681 1660 888 1767 perierant
918 1688 992 1768 per
1023 1663 1229 1768 hungaros
1260 1659 1501 1744 Willermus
1534 1673 1574 1740 et
1604 1659 1710 1740 Poth
1729 1671 1769 1739 et

358 1783 545 1866 Marcard
577 1782 717 1864 duces.
749 1779 951 1889 Dixitque
983 1785 1068 1890 regi
1100 1785 1373 1867 simulatorie:
1416 1783 1526 1890 quod
1560 1782 1600 1863 in
1635 1781 1768 1888 quad-

359 1904 591 2011 ragesimali
620 1915 808 2011 tempore
841 1904 997 1988 bellum
1029 1933 1112 1988 non
1147 1907 1462 1988 cormnitterent.
1511 1903 1593 1986 Sed
1625 1905 1660 1987 si
1692 1931 1768 1984 rex

359 2027 488 2110 uellet
520 2025 765 2132 confligeret
800 2026 905 2108 etsi
937 2027 1095 2111 Bisseni
1128 2029 1401 2138 preualerent,
1445 2043 1546 2109 tunc
1582 2027 1672 2134 ipse
1706 2026 1769 2107 in·

362 2149 599 2232 dubitanter
630 2148 909 2230 auxiliaretur.
950 2149 1002 2230 Et
1033 2152 1092 2234 sic
1124 2151 1309 2235 ascendit
1341 2178 1437 2232 cum
1470 2175 1546 2232 suo
1579 2147 1770 2230 exercitu

361 2273 403 2352 in
436 2283 622 2352 montem
652 2270 806 2380 Bachy‚
840 2282 881 2350 et
912 2270 1008 2353 inde
1040 2274 1318 2382 prospiciebat
1350 2271 1563 2354 conflictus
1589 2269 1769 2378 prelian-

359 2394 484 2475 cium.
519 2392 625 2475 Cum
659 2405 799 2474 autem
830 2394 1046 2476 uenissent
1077 2397 1129 2478 ad
1162 2395 1410 2498 conflictum,
1443 2393 1603 2476 Bisseni
1634 2393 1768 2498 fugie-

362 2529 458 2598 runt
489 2541 513 2596 a
543 2515 649 2596 facie
689 2513 932 2618 Salomonis,
973 2518 1081 2600 sicut
1119 2518 1209 2600 fluit
1250 2543 1343 2598 cera
1384 2515 1544 2598 atacic
1575 2514 1693 2620 ignis,
1728 2527 1769 2595 et

362 2637 503 2720 multis
536 2664 591 2717 ex
624 2635 681 2718 eis
713 2637 949 2740 interfectio,
983 2639 1083 2722 alios
1116 2642 1156 2720 in
1191 2653 1335 2746 stagno
1361 2639 1510 2720 l'erteu
1528 2637 1767 2740 submersis

358 2760 482 2868 pauci
515 2787 611 2841 cum
642 2758 790 2840 Zultan
821 2758 1019 2865 fugiendo
1052 2775 1285 2845 euaserunt.
1333 2760 1463 2842 Victis
1504 2760 1646 2866 itaque
1679 2758 1769 2840 Bis-

359 2883 482 2985 senis,
517 2880 699 2962 marchio
731 2881 953 2988 pecuniam
985 2885 1134 2991 petiuit
1165 2912 1189 2966 a
1221 2883 1454 2985 Salomone,
1498 2881 1566 2964 cui
1604 2881 1673 2962 ille
1706 2880 1769 2961 ni·

361 3005 442 3086 chil
475 3004 599 3085 dedit.
631 3002 725 3111 Ipse
759 3015 897 3085 autem
931 3005 1167 3089 minabatur
1199 3007 1248 3107 ei,
1287 3005 1397 3112 quod
1431 3033 1528 3085 eum
1560 3016 1658 3084 aute
1690 3004 1768 3083 im-

359 3138 590 3235 peratorem
623 3138 848 3228 accusaret,
883 3126 980 3234 quia
1008 3155 1079 3235 pre
1097 3129 1242 3209 timore
1260 3155 1304 3210 se
1322 3127 1538 3209 ostendere
1556 3151 1640 3206 non
1660 3139 1770 3208 esset

359 3276 485 3333 ausus
516 3247 725 3330 uilissimis
757 3247 949 3330 Bissenis.
983 3249 1165 3332 Marchio
1198 3250 1339 3356 itaque
1371 3247 1581 3356 predictus
1599 3247 1768 3328 nomine

359 3370 531 3453 Hernnh
572 3370 699 3453 iratus
740 3369 875 3452 uoluit
913 3372 1055 3453 uenire
1104 3399 1229 3480 super
1270 3370 1548 3473 Salomonem,
1596 3370 1669 3451 sed
1717 3369 1767 3449 ti-

360 3521 478 3576 mens
510 3493 901 3602 imper(89)atorem
943 3494 1132 3596 cessauit,
1167 3507 1208 3575 et
1239 3493 1363 3576 tristis
1395 3519 1587 3576 reuersus
1621 3503 1685 3575 est
1715 3489 1763 3573 ad

359 3641 538 3725 proprra.

716 3858 801 3940 LX.
832 3843 1078 3937 Aduentus
1104 3855 1416 3960 Imperaton's.

517 4102 665 4185 Postea
696 4113 837 4184 autem
870 4131 946 4185 rex
979 4103 1173 4188 Salomon
1205 4119 1398 4188 metuens
1431 4107 1609 4214 Geysam
1628 4130 1766 4210 regem

361 4225 439 4334 (et)
474 4225 603 4333 ipsius
634 4225 780 4308 fratres
813 4252 910 4308 cum
942 4228 1066 4310 rebus
1100 4242 1141 4309 et
1171 4229 1328 4309 familia
1369 4227 1533 4310 Stiriam
1572 4225 1766 4326 introiuit,

360 4361 401 4430 et
433 4349 476 4430 iu
509 4348 686 4429 claustro
718 4348 916 4454 Agmund
948 4361 1079 4431 matre
1113 4364 1154 4431 et
1185 4377 1316 4432 uxore
1335 4349 1538 4431 derelictis
1556 4347 1598 4428 in
1615 4346 1766 4429 hlusuu

360 4483 423 4553 est
453 4496 657 4572 reuersae,
691 4470 838 4554 uolens
871 4472 1044 4554 collecto
1078 4472 1265 4555 exercitu
1283 4473 1480 4554 inuadere
1496 4472 1641 4552 fratres
1659 4494 1766 4551 suos.

361 4591 552 4700 Cumque
590 4592 641 4673 de
683 4592 750 4674 die
787 4591 830 4674 in
863 4593 973 4674 diem
1014 4593 1207 4676 Salomon
1250 4595 1455 4698 deiiceret,
1498 4593 1572 4676 sed
1604 4592 1764 4672 illorum

360 4741 578 4824 processus
611 4715 812 4822 reciperet
842 4716 978 4797 felicia
1019 4717 1285 4819 incrementa,
1328 4717 1525 4798 confusus
1559 4713 1610 4795 ad
1643 4712 1764 4795 Cesa-

360 4865 447 4919 rem
481 4836 631 4918 direxit
662 4863 825 4945 gressus
858 4864 966 4940 suos
999 4851 1046 4920 ut
1079 4840 1116 4920 ci
1148 4839 1350 4922 auxilium
1376 4839 1575 4920 tribueret
1590 4835 1632 4915 in
1649 4834 1763 4917 Hun-

361 4959 515 5067 gariam
558 4959 803 5044 reuertendi.
853 4960 906 5042 Et
946 4961 1042 5042 licet
1082 4962 1304 5071 pecuniam
1338 4961 1519 5044 dedisset
1551 4957 1764 5044 affluenter
