3900 5762
1025 1165 1109 1244 111.

408 1397 817 1540 CHRONIOON
851 1401 1128 1538 rreum
1157 1397 1728 1540 VINDOBONENSE.

989 1737 1145 1750 m-

521 1969 643 2048 Anno
676 1967 833 2048 domini
864 1967 1008 2050 MCCC
1042 1969 1384 2076 quinquagesimo
1408 1981 1556 2049 octauo
1575 1963 1676 2044 feria
1694 1977 1776 2043 ter·

365 2090 422 2170 tia
454 2090 559 2170 infra
591 2102 759 2172 octauas
794 2092 1046 2176 ascensionis
1090 2093 1275 2174 eiusdem
1320 2090 1477 2172 domini
1509 2089 1681 2192 lneepta
1717 2101 1780 2164 est

365 2211 444 2294 ista
477 2210 651 2292 Croniea
684 2213 735 2293 de
768 2213 892 2318 gestis
914 2212 1206 2319 Hungarorunr
1238 2214 1418 2320 antiquis
1453 2224 1493 2292 et
1524 2205 1778 2308 nouissimis,

367 2346 459 2415 ortu
494 2346 535 2414 et
567 2360 797 2441 progressu,
830 2335 1000 2416 victoria
1032 2336 1258 2418 eorundem
1303 2349 1343 2416 et
1384 2332 1568 2432 audacia,
1602 2328 1781 2409 collecta

369 2483 423 2535 ex
441 2455 615 2538 diuersis
633 2455 806 2538 cronicis
824 2457 1033 2540 veteribus
1056 2459 1282 2540 earundem
1299 2457 1492 2538 veritates
1520 2451 1780 2552 ascribendo,

369 2589 410 2658 et
441 2577 664 2660 falsitatem
698 2579 865 2660 omnino
898 2581 1128 2662 refutando.
1163 2582 1211 2662 ln
1244 2582 1411 2661 nornine
1445 2576 1600 2658 domini
1627 2575 1778 2657 Amen.

512 2834 682 2938 Inoipit
707 2835 931 2940 prologus
957 2837 1006 2915 ln
1033 2833 1276 2919 Gronloum
1303 2836 1634 2940 hungarorum

523 3066 600 3146 Per
631 3093 698 3147 me
730 3093 847 3171 reges
880 3081 1053 3172 regnant
1084 3069 1141 3148 ait
1172 3068 1364 3148 dominus
1390 3066 1493 3146 (leus
1521 3064 1782 3172 persapien-

369 3201 453 3269 tem
487 3186 751 3269 Salomonem
787 3191 1101 3296 prouerbioruur
1133 3189 1276 3270 VIII-0
1326 3188 1519 3294 capitulo
1564 3186 1782 3267 Gloriosus

368 3311 471 3393 (leus
506 3311 548 3390 in
581 3311 733 3392 sanetis
766 3312 862 3412 suis,
896 3312 936 3391 in
971 3313 1185 3392 maiestate
1228 3311 1438 3411 mirabilis,
1472 3309 1590 3389 ouius
1633 3306 1783 3387 inefla-

370 3432 669 3514 bilisaltitudo
702 3433 928 3539 prudencie
961 3435 1085 3514 nullis
1118 3434 1278 3515 inclusa
1304 3432 1516 3533 limitibus,
1538 3429 1663 3510 nullis
1697 3443 1784 3510 ter-

370 3554 494 3634 minis
527 3555 838 3661 comprehensa,
870 3556 970 3636 reoli
1005 3584 1178 3636 sensura
1227 3555 1368 3637 iudieii
1416 3553 1585 3634 celestia
1626 3553 1786 3658 pariter

370 3677 551 3782 disponit
584 3690 625 3756 et
657 3689 830 3756 terrena.
863 3677 947 3758 Etsi
982 3693 1153 3758 euuetos
1187 3679 1275 3759 eius
1310 3676 1516 3758 ministros
1542 3675 1786 3779 magnificet

372 3811 413 3878 et
445 3797 536 3878 altis
568 3797 735 3878 decoret
767 3799 1002 3902 honoribus,
1038 3815 1079 3880 et
1111 3800 1273 3881 celestis
1317 3799 1468 3879 eilieiat
1511 3797 1785 3878 beatitudinis

371 3944 641 4027 possessores,
674 3919 765 4002 illos
797 3935 949 4022 tamen,
983 3936 1029 4002 ut
1060 3921 1194 4027 dignis
1227 3920 1349 4026 digna
1387 3921 1604 4026 rependat,
1639 3921 1787 4025 porio-

372 4041 486 4122 ribus
519 4041 668 4121 attollit
698 4041 881 4147 insigniis
915 4043 1172 4148 dignitatum,
1193 4057 1233 4124 et
1266 4043 1557 4151 prenriorurrr‘²²)
1593 4042 1787 4124 uberiore

374 4162 641 4244 retributione
675 4164 947 4270 prosequitur,
983 4193 1086 4272 quos
1121 4165 1324 4272 digniores
1361 4165 1557 4270 agnoseit,
1593 4179 1633 4244 et
1665 4189 1787 4246 rour-

375 4285 546 4365 rneurlat
591 4285 795 4389 ingentior
842 4287 1089 4368 excellentia
1137 4289 1389 4368 meritorum.
1436 4287 1561 4367 l’rout
1609 4303 1789 4393 apparet

375 4406 703 4488 luculentissime
735 4407 775 4487 in
811 4409 1058 4490 excellentia
1090 4438 1235 4515 regum
1267 4408 1501 4510 illustrium,
1536 4423 1578 4488 et
1617 4407 1789 4489 vintori-

377 4555 495 4610 arum
529 4529 725 4609 exercitio
760 4529 1187 4634 celebratissimarum,
1228 4559 1300 4639 per
1341 4559 1457 4635 reges
1502 4530 1788 4634 hungarorum

378 4663 644 4760 patratarum,
679 4651 749 4756 qui
782 4651 922 4732 diuino
954 4653 1046 4733 freti
1064 4654 1316 4734 austeritatis
1344 4653 1532 4760 presidis,
1552 4650 1789 4756 gladiorum

379 4773 548 4854 aciebus
580 4771 830 4854 validissime
862 4773 1095 4881 profligatis,
1130 4790 1262 4859 eastra
1305 4776 1596 4862 subuertentes
1637 4801 1788 4886 regum

485 5043 518 5158 *)
547 5047 809 5152 paroemiorum.
838 5049 957 5154 Toldy.
