4024 5776
820 470 975 592 25,.

193 707 343 792 hutum
378 719 537 817 patrem
569 704 705 786 hores.
736 707 741 811 Ι
769 703 820 785 Et
848 706 888 786 in
921 705 1011 786 loeo
1043 705 1112 786 iliu
1147 707 1219 814 qni
1251 707 1400 792 dieitur
1432 701 1663 806 esculeuao'

195 834 319 915 tidem
353 859 448 912 euin
483 830 714 909 iuramenta
746 823 1036 942 firmauerunt,
1071 843 1113 909 et
1144 855 1169 909 a
1200 829 1266 910 die
1299 831 1368 912 illo
1401 831 1602 916 loeusille

192 967 460 1062 nuncupatus
502 965 565 1032 est
606 949 787 1051 esculea,
821 977 870 1031 eo
913 949 1023 1057 quad
1055 950 1113 1034 ibi
1140 950 1146 1056 Ι
1176 952 1426 1036 iurauerunt.
1460 954 1603 1038 Tubu-

193 1093 282 1162 tnln
319 1103 419 1158 uera
451 1101 475 1154 a
510 1074 576 1153 die
608 1073 678 1153 illo
712 1086 861 1154 terrain
895 1072 1008 1154 illam
1040 1073 1219 1155 obtinuit
1246 1075 1251 1181 Ι
1280 1076 1452 1183 pacifice
1486 1093 1527 1158 et
1542 1080 1602 1161 fe·

194 1203 339 1285 liciter.
372 1197 452 1280 Sed
485 1195 701 1304 posteritas
736 1194 824 1276 eins
856 1195 1058 1301 usquead
1080 1209 1269 1304 tempora
1301 1199 1431 1279 saneti
1462 1201 1570 1306 regis
1598 1195 1602 1318 Ι

194 1321 395 1432 Stephani
445 1318 634 1401 obtinuit.
677 1317 890 1399 Tuhutuin
938 1344 1038 1398 uero
1081 1319 1224 1424 genuit
1255 1319 1434 1424 hoscam,
1478 1321 1603 1405 horca
1660 1333 1666 1344 '
1714 1333 1718 1340 ’

193 1446 340 1554 genuit
372 1435 546 1556 genitam
579 1452 620 1520 et
651 1440 799 1521 'liuban
833 1439 965 1520 Geula
997 1440 1140 1544 gennit
1172 1441 1407 1545 dua'sfiiias
1426 1470 1718 1549 quarumnm‚1

195 1597 281 1652 nna
314 1567 543 1649 uocabatur
575 1562 764 1676 eapoldn,
810 1575 851 1643 et
899 1561 1028 1642 altera
1067 1563 1243 1663 sa1·01tu;
1292 1578 1332 1644 et
1372 1567 1497 1648 sarolt
1526 1567 1606 1650 fuit

194 1704 331 1774 mater
362 1687 492 1770 sancti
525 1685 632 1790 regis
665 1682 876 1792 Stephani.
907 1685 912 1790 Ι
940 1684 1122 1766 Zninbai·
1162 1711 1261 1765 uero
1299 1687 1442 1791 genuit
1473 1688 1605 1771 mino·

195 1845 284 1897 rein
334 1810 497 1918 geulani
547 1819 706 1915 patrem
738 1805 821 1888 bue
855 1821 895 1887 et
923 1802 928 1917 Ι
957 1806 1110 1908 Rhene,
1144 1818 1330 1915 tempore
1364 1809 1481 1892 euius
1513 1838 1607 1894 san·

196 1953 290 2018 etus
323 1961 397 2015 rex
417 1928 657 2038 Stephanus
675 1927 913 2033 subiugauit
945 1929 1023 2010 sibi
1057 1943 1206 2009 terrain
1237 1928 1243 2035 Ι
1271 1931 1641 2026 nln·asiluana1n.5

198 2061 250 2141 Et
283 2060 421 2166 ipsum
469 2052 633 2158 geniani
682 2051 872 2133 uinctum
920 2051 962 2130 in
1011 2043 1262 2166 hungahiain
1296 2053 1426 2157 duxit,
1461 2067 1502 2136 et
1534 2083 1608 2165 per

198 2205 346 2263 onmes
379 2175 466 2257 dies
499 2174 583 2256 uite
621 2199 694 2254 sue
728 2185 984 2254 aaieeratum
1028 2171 1181 2274 tenuit,
1226 2201 1274 2254 eo
1308 2177 1419 2281 quod
1451 2177 1494 2258 in
1527 2179 1606 2260 fide

198 2319 311 2386 esset
341 2325 490 2398 nanus,
525 2308 567 2378 et
596 2296 730 2377 noluit
764 2323 853 2378 esse
889 2295 1146 2396 christianus,
1180 2309 1221 2375 et
1249 2297 1254 2402 Ι
1283 2299 1416 2379 inulta
1447 2315 1609 2382 eontra·

198 2429 257 2508 rie
291 2422 471 2506 faciebat
502 2436 645 2500 saneto
678 2419 761 2524 regi
795 2416 1017 2524 Stephana
1037 2418 1229 2524 quamuis
1261 2413 1416 2534 inisset
1442 2449 1494 2504 ex
1514 2451 1608 2531 eeg-

199 2548 367 2631 natione
401 2541 541 2623 matris
574 2568 661 2623 sue.
689 2535 892 2616 XXVIII
919 2534 988 2615 De
1017 2533 1133 2615 duee
1161 2546 1492 2621 manumorout.

200 2671 312 2751 'l‘osn
346 2692 444 2748 uero
478 2679 518 2744 et
549 2663 726 2744 anoisu
759 2661 910 2769 adepta
941 2661 1110 2743 uictoria
1131 2663 1283 2744 reuersi
1317 2681 1414 2746 sunt
1445 2668 1496 2748 ad
1525 2669 1608 2772 dui·
1626 2687 1673 2762 10

202 2821 292 2874 eein
328 2788 455 2894 arpad
489 2784 749 2891 subiugaudo
787 2795 919 2864 tetum
964 2784 1166 2891 populum
1205 2811 1229 2865 a
1261 2784 1388 2867 tinnio
1420 2790 1571 2873 Zoinus
1604 2789 1608 2907 Ι

198 2907 336 3023 'usque
355 2911 404 2992 ad
425 2908 613 3010 Crisiuni²
648 2922 688 2988 et
719 2907 858 2988 nullus
892 2919 1034 2986 eontra
1067 2932 1136 2988 ens
1170 2933 1295 2990 ausus
1329 2909 1407 2991 fuit
1438 2939 1609 2996 inanum

202 3038 365 3118 leuare.
398 3030 449 3112 Et
480 3031 567 3136 ipse
601 3041 895 3110 inenninoront
926 3027 1015 3110 dux
1048 3055 1191 3109 aarum
1218 3031 1348 3136 inagis
1365 3037 1613 3142 preparabat

202 3161 292 3241 nias
322 3157 327 3266 Ι
357 3181 452 3237 suas
490 3153 530 3231 in
571 3154 748 3258 greciam
794 3151 931 3252 eundi,
966 3177 1092 3256 quani
1127 3164 1269 3233 eontra
1302 3181 1371 3236 eos
1405 3158 1612 3240 ueniendi.

204 3281 253 3363 Et
286 3277 436 3360 deinde
466 3273 471 3384 Ι
501 3276 652 3380 egressi
694 3273 997 3354 deseemlerunt
1039 3273 1159 3353 iuxta
1192 3274 1401 3380 quendam
1438 3277 1675 3370 fluuiuinln

204 3402 373 3486 iunnine
422 3397 698 3498 huniusouer,
734 3409 775 3477 et
806 3409 1014 3476 uenerunt
1056 3423 1189 3502 usque
1223 3395 1274 3475 ad
1306 3397 1441 3480 lutum
1482 3428 1613 3510 zerep.

206 3527 255 3606 Et
286 3521 437 3605 deinde
467 3517 471 3630 Ι
502 3519 653 3624 egressi
686 3531 892 3598 uenelunt
934 3543 1068 3624 usque
1100 3517 1151 3598 ad
1190 3517 1449 3626 zeguh0hnu‚
1484 3537 1524 3605 et
1557 3525 1613 3606 ibi

205 3648 404 3730 uolebant
436 3635 615 3754 transire
649 3641 827 3742 elisium,
877 3653 923 3718 ut
955 3651 1096 3719 eontra
1129 3657 1422 3725 inenumerout
1453 3672 1612 3752 pugua-

207 3785 306 3873 rent,
340 3765 413 3850 sed
447 3755 672 3876 ueinientes
706 3761 856 3843 milites
889 3776 1182 3843 inenninorout
1209 3762 1266 3844 eis
1284 3765 1501 3848 transitum
1517 3797 1612 3876 pro·

206 3885 452 4005 hibu2erunt.
500 3883 662 3966 Deinde
712 3884 862 3988 egressi
912 3911 985 3990 per
1032 3881 1142 3964 diem
1191 3912 1334 3987 unuin,
1378 3888 1611 3996 equitantes
1625 3910 1674 3983 20

207 4027 340 4098 eastra
367 4009 373 4122 Ι
402 4008 545 4090 metati
576 4020 673 4090 sunt
703 4007 822 4087 iuxta
853 4032 1002 4112 paruos
1035 4017 1207 4109 montes,
1257 4020 1298 4088 et
1329 4008 1424 4091 hinc
1455 4011 1573 4096 iuxta
1605 4011 1609 4133 Ι

207 4137 382 4219 fluuium
416 4144 514 4213 turn
547 4131 780 4238 equitantes
813 4155 947 4236 usque
980 4128 1033 4208 ad
1065 4128 1268 4237 thyseiam
1310 4129 1612 4250 peruenehunt.

206 4261 258 4342 Et
289 4259 331 4339 in
365 4265 489 4365 poitu
522 4254 695 4358 daugma
725 4251 902 4334 fluuium
935 4250 1093 4358 thyseie
1127 4245 1505 4367 transnaiuigantes,
1544 4260 1617 4341 ubi

209 4383 333 4463 etiam
382 4405 457 4486 per
498 4375 679 4482 graciam
726 4373 854 4481 arpad
902 4371 1020 4455 ducis
1068 4372 1233 4454 cuidam
1275 4369 1463 4490 eupnano
1496 4380 1617 4464 militi

208 4505 376 4586 numine
409 4499 551 4602 huhot
585 4522 779 4602 magnam
811 4508 959 4577 tenant
994 4489 1447 4608 aquisiue!1·1nit,qua1n
1480 4519 1617 4610 poste·
1630 4521 1678 4594 ‘25

209 4628 305 4709 ritas
346 4623 436 4705 eius
469 4647 602 4728 usque
642 4647 756 4701 nune
788 4618 1034 4701 habuerunt.
1074 4613 1230 4692 xxlx
1269 4614 1338 4696 De
1365 4616 1518 4700 reditu
1546 4644 1620 4706 eo-

209 4766 326 4826 rm·

211 4870 323 4953 Dum
354 4868 620 4976 nauigassent
648 4866 653 4971 Ι
681 4864 856 4945 tluuinin
888 4860 1063 4971 thysaie‚
1096 4864 1263 4946 nuntios
1280 4891 1377 4948 suos
1394 4867 1445 4947 ad
1463 4867 1617 4952 ducem

212 4993 426 5103 arpadhnn
456 4994 461 5102 Ι
489 4989 776 5098 promiserunt,
810 4986 882 5093 qui
913 4983 1067 5092 gandia
1098 4986 1241 5069 salutis
1268 4988 1519 5073 nuntiarent.
1538 4991 1619 5087 Qui

1499 5140 1516 5200 4
