3900 5762
995 535 1150 643 „.¹.⁴.⁰....

411 841 620 960 XXXVII.
656 849 858 955 'Sanctus
885 895 967 954 rex
994 870 1257 978 Stephanus
1285 871 1391 976 (40)
1418 859 1599 979 pugnet
1626 862 1759 954 σπη’

749 1008 906 1116 Gynlc
932 1011 1049 1094 duee
1076 1012 1395 1096 Trmllueno.

382 1351 404 1356 .,
526 1243 647 1326 Porro
681 1244 827 1327 beatus
860 1244 1094 1354 Stephanus
1128 1262 1348 1354 postquam
1381 1245 1490 1350 regie
1518 1243 1783 1327 celsitudinis

372 1393 566 1448 coronam
599 1365 796 1450 diuinitus
830 1385 891 1450 est
923 1367 1110 1476 adeptus,
1143 1369 1349 1450 famosum
1384 1381 1426 1449 et
1458 1367 1668 1450 lucrosum
1688 1366 1784 1448 bel·

371 1488 458 1572 lum
491 1489 616 1595 gessit
648 1503 788 1590 contra
821 1490 1079 1573 auunculum
1112 1518 1235 1572 suum
1268 1490 1435 1570 nornine
1478 1489 1670 1597 Gyularn,
1709 1489 1785 1596 qui

369 1625 471 1694 tunc
503 1611 699 1718 temporis
731 1612 863 1694 tocius
897 1611 1003 1694 ultra
1035 1612 1184 1695 siluam
1216 1612 1329 1718 regni
1367 1610 1650 1718 gubernacula
1681 1636 1786 1718 pos·

370 1733 542 1817 sidebat.
575 1735 698 1815 Anno
731 1735 870 1842 itaque
904 1733 1060 1816 domini
1092 1734 1180 1817 ill-0
1212 1733 1296 1816 ll·o
1328 1735 1568 1817 beatusrex
1600 1727 1786 1840 Stepha-

369 1883 449 1939 nus
482 1855 592 1964 oepit
624 1854 801 1965 Gyulam
836 1855 986 1938 ducem
1019 1886 1117 1940 cum
1149 1883 1279 1941 uxore
1313 1869 1355 1939 et
1387 1856 1551 1938 duobus
1567 1855 1661 1938 filiis
1678 1855 1786 1958 suis,

370 1978 483 2060 etin
516 1977 769 2084 Hungariam
811 1980 1046 2063 transmisit.
1090 1979 1179 2063 Hoc
1222 1991 1360 2062 autem
1401 1978 1494 2060 ideo
1526 1978 1635 2078 fecit,
1681 1976 1789 2085 quia

370 2100 585 2210 sepissime
618 2100 825 2183 amonitus
859 2128 882 2182 a
914 2102 1036 2184 beato
1069 2128 1164 2210 rege
1197 2100 1419 2210 Stephano,
1457 2128 1534 2182 nec
1568 2099 1618 2182 ad
1653 2098 1787 2182 fidem

371 2223 521 2312 Christi
553 2249 792 2328 conuersus,
824 2251 903 2304 nec
935 2227 988 2307 ab
1021 2224 1235 2307 inferenda
1267 2224 1461 2329 hungaris
1494 2223 1643 2305 iniuria
1680 2249 1787 2304 eon·

372 2346 543 2456 quieuit
577 2344 827 2429 Vniuersum
861 2373 959 2428 vero
991 2373 1165 2453 regnum
1199 2347 1286 2429 eius
1320 2345 1566 2429 latissimum
1600 2357 1641 2426 et
1675 2373 1788 2453 opu·

370 2468 659 2570 lentissimum,
691 2469 929 2550 monarchie
960 2468 1170 2576 Hungarie
1204 2467 1405 2550 adiunxit.
1445 2467 1606 2550 Dicitur
1637 2481 1787 2548 autem

370 2617 545 2699 regnum
576 2589 677 2672 illud
724 2590 944 2697 hungarios
985 2591 1182 2696 Erdeelw,
1227 2590 1338 2699 quod
1370 2589 1559 2697 irrigatur
1590 2588 1790 2698 plurimis

369 2712 517 2818 lluuiis
551 2711 591 2794 in
626 2738 803 2820 quorum
837 2713 970 2796 arenis
1003 2741 1149 2798 aurum
1184 2713 1398 2820 colligitur,
1432 2725 1474 2793 et
1504 2739 1652 2795 aurum
1674 2724 1789 2796 terre

371 2835 480 2919 illius
513 2834 714 2944 optimum
750 2849 823 2918 est.

371 3078 600 3166 XXXVIII.
633 3075 847 3160 'forulum
873 3076 1048 3159 bellum
1066 3079 1216 3158 sancti
1233 3077 1361 3182 regie
1375 3074 1600 3182 Stephani
1618 3083 1793 3160 centn

906 3219 1041 3300 Kesn
1068 3217 1245 3301 ducem.

528 3451 624 3560 (41)
657 3450 754 3533 Post
785 3450 863 3532 hec
895 3462 1035 3532 autem
1068 3452 1200 3534 mouit
1241 3452 1470 3534 exercitum
1504 3477 1629 3559 super
1662 3449 1789 3532 Kean

372 3572 523 3654 ducem
555 3572 820 3679 bulgaromm
855 3585 896 3654 et
927 3572 1175 3675 solauorum‚
1220 3601 1301 3682 que
1344 3585 1488 3682 gentes
1530 3571 1621 3654 loca
1661 3586 1791 3655 natu·

371 3692 445 3776 reli
477 3693 556 3778 situ
590 3693 866 3778 munitissima
898 3694 1141 3778 inhabitant.
1177 3696 1296 3778 Unde
1329 3695 1452 3778 etiarn
1489 3693 1631 3786 multis
1666 3695 1790 3778 labo·

372 3815 486 3914 ribus
518 3828 559 3897 et
590 3815 749 3899 bellicis
783 3817 1001 3900 sudoribus
1046 3818 1278 3925 predictum
1319 3819 1470 3901 ducem
1502 3818 1573 3900 vix
1606 3817 1787 3899 tandem

373 3917 528 4020 ‹lenicit
560 3950 602 4019 et
632 3938 794 4042 occidit,
839 3955 880 4020 et
922 3940 1242 4024 inestimabilem
1282 3941 1444 4049 copiam
1476 3940 1789 4042 thezaurorum,

374 4071 414 4143 et
448 4059 644 4169 precipue
676 4059 717 4142 in
751 4087 850 4144 auro
883 4077 925 4143 et
956 4063 1131 4168 gemmis
1163 4091 1211 4146 ac
1244 4063 1432 4172 pretiosis
1469 4062 1679 4170 lapidibus
1715 4089 1791 4144 ar·

372 4181 493 4292 cepit,
527 4195 568 4264 et
598 4182 752 4264 locauit
782 4183 840 4266 ibi
871 4211 1002 4268 unum
1036 4213 1239 4294 proauum
1272 4213 1397 4270 suurn
1428 4184 1596 4267 nornine
1622 4183 1790 4288 Zoltan,

374 4304 446 4412 qui
487 4318 632 4412 postea
663 4304 912 4388 hereditauit
951 4306 1041 4390 illas
1054 4302 1083 4413 ¹)
1117 4322 1253 4416 partes
1292 4306 1579 4412 transiluanas
1613 4321 1653 4390 et
1688 4307 1790 4393 ideo

373 4425 595 4533 vulgariter
625 4427 685 4510 sic
716 4426 797 4508 dici
828 4428 953 4512 solet:
985 4426 1220 4539 Erdeelui²)
1252 4430 1408 4512 Zoltan.
1441 4429 1540 4512 Erat
1571 4428 1683 4512 enim
1715 4431 1790 4514 ille

374 4548 695 4656 antiquissimus,
729 4549 800 4657 qui
833 4549 993 4633 vixerat
1024 4580 1158 4660 usque
1191 4566 1380 4662 tempora
1422 4550 1554 4635 sancti
1586 4551 1707 4658 regis,
1746 4569 1790 4637 et

374 4669 466 4752 ideo
508 4670 640 4754 voluit
675 4672 813 4780 ipsum
857 4700 946 4757 esse
990 4701 1116 4784 super
1155 4687 1298 4782 gentes
1331 4675 1560 4784 opulentas.
1605 4673 1669 4755 Ex
1704 4674 1789 4760 hac

374 4791 514 4902 itaque
549 4817 649 4900 gaza
690 4793 909 4903 multiplici
950 4810 1118 4880 sanctus
1158 4825 1232 4881 rex
1274 4795 1509 4910 Stephanus
1550 4795 1787 4907 plurimum

376 4979 582 4992 ψ

484 5044 510 5160 ¹)
538 5048 624 5131 istas
652 5052 691 5130 Τ.
719 5046 747 5154 ¹)
774 5052 943 5135 llrdcelri.
