3896 5758
993 422 1149 542 aa

371 660 489 742 iuxta
520 656 673 740 flumen
708 655 786 738 Sec
819 657 998 764 prelians
1031 659 1222 761 uincitur,
1243 658 1285 738 in
1318 685 1401 766 quo
1434 657 1563 765 prelio
1595 655 1681 739 iere
1700 685 1771 738 ex·

372 782 572 886 tinguitur
602 780 748 861 militia
780 781 892 885 regni
926 780 1147 886 Hungarie‚
1181 781 1388 864 uniuersa.
1415 780 1510 888 Ipso
1544 807 1643 860 uero
1676 779 1774 860 Bela

373 929 468 1008 rege
502 903 551 983 ad
587 929 699 982 inare
730 902 872 1007 fugam
906 903 1093 1005 faciente,
1112 903 1266 984 Tartari
1298 929 1432 1009 usque
1454 902 1509 984 ibi
1527 903 1663 1009 ipsum
1684 929 1773 983 cm·

373 1025 518 1106 deliter
549 1024 801 1106 insecuntur.
834 1023 1076 1106 Manserunt
1108 1025 1216 1105 enim
1260 1025 1337 1131 ipsi
1370 1024 1526 1104 Tartari
1567 1025 1609 1104 in
1650 1049 1773 1128 regno

372 1147 582 1251 Hungarie
615 1146 745 1227 tribus
778 1147 908 1229 annis.
940 1145 991 1226 Et
1023 1146 1120 1253 quia
1152 1147 1356 1228 seminare
1397 1147 1477 1228 illis
1517 1146 1773 1254 temporibus

373 1296 457 1350 uon
489 1281 713 1376 potuerunt
743 1268 929 1374 hungari,
962 1268 1054 1348 ideo
1087 1269 1218 1349 multo
1251 1268 1391 1375 plures
1423 1281 1517 1374 post
1549 1267 1709 1349 exitum
1729 1266 1773 1348 il·

372 1393 507 1472 lorum
539 1392 648 1470 fame
681 1390 902 1496 perierunt,
938 1417 1061 1496 quam
1097 1390 1165 1492 illi,
1185 1392 1255 1496 qui
1279 1391 1321 1470 in
1344 1389 1628 1497 captiuitatem
1662 1389 1775 1470 ducti

373 1527 480 1615 sunt,
500 1525 541 1593 et
572 1512 705 1616 gladio
739 1513 987 1593 ceciderunt.
1006 1514 1101 1595 Post
1132 1512 1210 1593 hec
1242 1524 1381 1594 autem
1415 1539 1488 1593 rex
1512 1511 1612 1592 Bela
1636 1537 1774 1592 reuer-

372 1663 442 1718 sus
477 1648 539 1716 est
570 1634 621 1714 de
653 1634 867 1716 maritimis
900 1635 1097 1741 partibus,
1133 1649 1173 1715 et
1208 1634 1356 1715 ducem
1392 1634 1557 1716 Austrie
1588 1633 1773 1714 Frederi·

374 1786 471 1840 eum
503 1757 639 1838 uirum
662 1755 905 1838 bellicosum
939 1756 1213 1837 anteNouam
1246 1756 1455 1837 ciuitatem
1490 1783 1591 1861 gens
1624 1755 1772 1837 occidit

372 1881 413 1960 in
456 1879 584 1986 prelio
625 1877 916 1982 hungarorum,
951 1891 992 1959 et
1031 1879 1237 1962 transfixit
1280 1905 1355 1985 per
1386 1876 1613 1960 maxillam.
1661 1877 1775 1958 Licet

314 1999 316 2002 ’
372 2015 512 2082 tamen
544 2000 653 2080 idem
687 1999 773 2080 dux
808 2001 1001 2082 ceciderit
1033 2001 1075 2082 in
1107 2001 1185 2082 hoc
1217 2001 1339 2102 bello,
1358 2001 1458 2082 Bela
1490 2027 1563 2081 rex
1592 2001 1772 2106 prefatus

372 2120 630 2230 triumphum
665 2149 760 2203 cum
793 2121 988 2228 hungaris
1021 2122 1208 2231 perdidit.

600 2365 789 2448 LXXXI.
821 2363 1010 2466 Pugnat
1036 2384 1119 2442 rex
1146 2384 1251 2442 oum
1279 2357 1538 2443 Othooario.

529 2611 628 2694 Post
658 2611 737 2692 hee
768 2611 877 2691 idem
913 2638 987 2692 rex
1019 2637 1128 2692 anno
1153 2610 1316 2698 ,domini
1342 2609 1575 2692 MCCLX-0
1606 2636 1771 2716 congre·

373 2733 487 2840 gauit
520 2733 748 2815 exercitum
782 2733 996 2840 copiosum
1031 2745 1172 2815 contra
1205 2733 1457 2815 Othocarum
1491 2760 1630 2840 regem
1649 2731 1773 2816 bohe-

372 2881 536 2937 morum
574 2855 682 2936 circa
712 2853 940 2937 Morauiam
981 2883 1066 2937 una
1106 2883 1201 2937 cum
1242 2855 1325 2937 filio
1366 2882 1442 2938 suo
1483 2853 1694 2962 Stephano
1735 2869 1774 2935 et

372 2979 503 3086 Alpra
535 2977 641 3059 duce
674 3003 959 3059 cumanorum.
993 2977 1072 3060 Sed
1106 2979 1242 3060 uictus
1273 2979 1378 3084 fugit
1404 2977 1512 3059 cirea
1531 2976 1774 3086 Haymburg

372 3099 476 3182 III-0
508 3099 606 3182 Idus
637 3099 749 3181 Iulii.
783 3098 879 3180 Erat
912 3100 1023 3181 enim
1054 3100 1119 3181 uir
1135 3099 1344 3207 pacificus,
1362 3099 1433 3182 sed
1452 3101 1493 3181 in
1522 3098 1773 3181 exercitibus

374 3237 415 3304 et
447 3221 585 3331 preliis
617 3221 788 3302 minime
819 3222 1064 3304 fortunatus.

681 3465 887 3546 LXXXII.
921 3461 1158 3565 flagellat
1185 3483 1235 3541 se
1262 3462 1473 3565 populus.

530 3708 655 3816 (127)
688 3710 823 3818 Ipsius
841 3712 962 3792 etiam
982 3725 1168 3818 tempore
1186 3735 1295 3790 anuo
1313 3709 1469 3790 domini
1487 3707 1773 3790 MCCLXllio

375 3834 493 3942 plebs
524 3833 694 3938 flagellis
727 3860 771 3914 se
804 3834 987 3915 feriendo
1021 3832 1309 3914 uniuersaliter
1350 3832 1616 3916 discurrebat.
1666 3830 1774 3912 Obiit

374 3969 515 4038 autem
555 3981 663 4035 anno
707 3954 863 4038 domini
894 3954 1165 4036 MCCLXX-o
1208 3949 1330 4061 V¹)-0
1363 3954 1501 4035 Nonas
1542 3951 1637 4061 May
1677 3952 1775 4033 feria

373 4077 478 4160 VI·a
508 4077 550 4156 in
582 4079 686 4159 festo
718 4077 982 4161 Ioueneionis
1015 4090 1155 4159 sancte
1183 4077 1315 4158 crucis
1348 4078 1390 4157 in
1423 4075 1559 4158 insula
1579 4073 1772 4157 Budensi.

373 4199 425 4280 Et
455 4199 665 4308 sepultum
701 4213 763 4282 est
795 4227 944 4307 corpus
978 4200 1065 4281 eius
1099 4198 1288 4304 Strigonii
1322 4198 1363 4279 in
1397 4198 1571 4279 ecclesia
1587 4197 1770 4277 Fratrum

373 4322 593 4424 minorum,
627 4335 864 4405 constructa
894 4321 946 4402 ad
989 4320 1187 4402 honorem
1230 4320 1398 4426 uirginis
1431 4320 1616 4425 gloriose,
1650 4345 1773 4426 quam

373 4444 461 4553 ipse
495 4442 687 4528 dominus
720 4473 793 4526 rex
826 4443 926 4525 Bela
959 4444 1095 4524 adhuc
1127 4443 1276 4525 uiuerrs
1301 4455 1546 4549 sumptuoso
1580 4467 1705 4549 opere
1735 4455 1774 4520 et

374 4566 547 4674 pulchro
579 4567 734 4648 iecerat
767 4567 932 4647 incoari.
969 4565 1045 4646 Vbi
1079 4593 1175 4645 (turn
1209 4565 1376 4645 domina
1409 4565 1548 4670 regina
1589 4577 1772 4645 consorte

378 4755 583 4766 ....--.--

482 4840 508 4934 1)
536 4843 649 4918 codex
678 4847 781 4917 recte.
810 4843 919 4935 Toldy
947 4841 982 4914 iu
1011 4847 1092 4915 uota
1123 4841 1193 4916 161
1225 4845 1322 4934 potat
1351 4844 1501 4914 erratum
1530 4863 1625 4912 esse:
1649 4841 1713 4936 „V.
1734 4839 1770 4913 P.

376 4951 409 5020 et
437 4947 543 5020 ceteri
572 4949 658 5021 male
686 4948 916 5022 MGOLXXV.
945 4949 1062 5021 Nonas
1090 4947 1176 5044 May.
