3896 5758
926 521 1081 622 33¹*

299 737 390 820 scit.
421 737 537 818 Idem
569 763 669 820 uero
701 765 776 818 rex
792 736 1026 845 Stephanus
1058 737 1166 819 filius
1199 738 1333 846 Geyse
1362 736 1553 844 migrauit
1568 737 1620 819 ad
1637 737 1710 820 do·

301 861 465 942 minum
499 885 608 942 anno
641 860 795 942 domini
830 859 1090 942 MCLXXIII.
1124 873 1268 966 quarto
1301 859 1439 944 Nonas
1472 859 1617 964 Martii,
1650 860 1709 944 fe·

302 982 364 1065 n'a
395 982 540 1090 prima.
578 981 705 1065 Cuius
739 1009 888 1092 corpus
921 981 1111 1088 strigonii
1145 982 1330 1091 quiescit.

585 1313 768 1398 LXXIV.
800 1309 917 1392 Bela
942 1312 1115 1394 tercius
1141 1310 1436 1407 coronatur.*)

462 1557 609 1642 Postea
641 1560 828 1664 regnauit
860 1560 960 1642 Bela
991 1562 1115 1642 frater
1147 1563 1247 1665 eius,
1282 1561 1353 1668 qui
1385 1561 1497 1642 fures
1530 1573 1571 1640 et
1587 1558 1711 1641 latro·

307 1706 381 1762 nes
413 1694 657 1788 persecutus
691 1695 763 1784 est,
797 1696 838 1764 et
878 1683 1153 1790 peticionibus
1196 1684 1309 1789 loqui
1350 1682 1476 1763 traxit
1512 1681 1711 1786 originem

308 1814 356 1884 ut
386 1827 557 1884 romana
587 1804 714 1885 babet
756 1805 868 1885 curia
910 1820 950 1885 et
992 1805 1165 1911 imperii.
1210 1805 1290 1900 Qui
1323 1818 1541 1886 coronatus
1575 1817 1638 1885 est
1669 1803 1710 1884 in

309 1923 455 2006 diebus
468 1920 496 2032 ¹)
529 1925 706 2006 Ianuarii
723 1927 824 2008 feria
857 1927 1001 2033 prima.
1035 1927 1238 2032 Regnauit
1264 1939 1405 2008 autem
1423 1927 1541 2008 anniS
1559 1925 1711 2006 XXIII.

309 2073 452 2128 mense
499 2073 584 2130 uno
633 2047 779 2130 diebus
823 2047 934 2130 XIX.
983 2049 1245 2130 (Ibdormiuit
1285 2061 1425 2130 autem
1469 2049 1511 2129 in
1544 2047 1712 2128 domino

309 2195 418 2250 anno
443 2169 628 2251 eiusdem
662 2168 815 2252 MCXC
847 2165 966 2278 aar)
999 2170 1094 2280 May
1126 2171 1228 2252 feria
1259 2172 1396 2252 tercia.
1415 2169 1543 2252 Cuius
1562 2194 1712 2276 corpus

310 2290 418 2373 Albe
452 2291 638 2400 quiescit.

625 2586 788 2671 LXXV.
822 2583 1062 2666 Emerious
1097 2584 1392 2686 coronatura)

466 2851 591 2957 (123)
626 2849 703 2932 Cui
735 2851 1161 2936 successitEmericus
1194 2852 1302 2935 filius
1335 2852 1423 2934 eius
1457 2863 1498 2932 et
1525 2848 1714 2955 regnauit

308 2972 427 3054 annis
460 2971 599 3054 VIII-0
643 2972 855 3055 mensibus
889 2971 965 3054 VII
1005 2973 1151 3056 diebus
1189 2973 1256 3055 VI.
1288 2973 1423 3056 Huius
1465 2999 1572 3054 uxor
1604 2971 1712 3053 Con·

309 3093 460 3177 stantia
491 3094 573 3175 filia
600 3095 706 3200 regis
725 3095 961 3199 Arragonie,
980 3095 1119 3177 Cesari
1139 3097 1354 3178 Frederico
1387 3123 1461 3202 per
1493 3093 1712 3176 consilium

310 3215 525 3324 apostolici
565 3216 795 3323 copulatur.
837 3215 1028 3322 Migrauit
1069 3232 1207 3300 autem
1251 3219 1302 3299 ad
1345 3217 1560 3299 dominum
1604 3241 1713 3296 anno

310 3337 466 3419 domini
497 3337 609 3420 MCC
641 3338 770 3446 pridie
802 3337 891 3420 Kal.
918 3337 1162 3423 Decembris
1184 3341 1285 3422 feria
1315 3339 1384 3422 III.
1403 3338 1531 3421 Cuius
1564 3363 1713 3444 corpus

310 3460 532 3568 requiescit
564 3460 604 3540 in
639 3460 814 3542 ecclesia
838 3461 1036 3566 Agriensi.

486 3755 669 3840 LXXVI.
704 3751 955 3834 Ladizlaus
992 3754 1223 3835 secundus
1250 3757 1542 3846 coronatur-st)

468 4019 563 4102 Post
595 4045 691 4100 eum
725 4019 912 4123 regnauit
944 4019 1158 4103 Ladizlans
1190 4019 1299 4102 filius
1318 4019 1419 4121 eius,
1438 4032 1479 4101 et
1496 4031 1714 4101 coronatus

312 4152 374 4222 est
406 4137 482 4222 VII
512 4140 604 4222 Kal.
636 4139 891 4249 Septembris
922 4142 1024 4223 feria
1041 4142 1197 4248 quinta.
1217 4142 1422 4248 Regnauit
1438 4155 1579 4224 autem
1597 4167 1714 4222 men·

312 4262 426 4346 sibus
459 4261 514 4344 VI
551 4263 698 4346 diebus
741 4262 788 4342 V.
835 4263 1026 4369 Migrauit
1068 4277 1207 4346 autem
1249 4264 1301 4346 ad
1345 4263 1559 4346 dominum
1604 4288 1713 4344 anno

314 4383 498 4467 eiusdem
532 4381 643 4467 MCC
676 4385 807 4493 primo
840 4385 967 4468 Nonis
999 4384 1106 4496 May.
1141 4386 1268 4468 Cuius
1302 4411 1452 4494 corpus
1480 4383 1587 4468 Albe
1620 4383 1712 4492 qui·

313 4505 424 4588 escit.

313 4695 519 4706 .—

420 4784 446 4875 ¹)
474 4782 605 4858 Idibus.
634 4783 673 4856 T.
704 4786 732 4877 ⁸)
761 4783 945 4860 Mcxuvr.
975 4787 1041 4860 IX.
1070 4786 1150 4859 Kal.
1180 4786 1218 4858 T.
1241 4787 1334 4878 ³)De
1362 4785 1516 4860 Emerico
1545 4781 1713 4879 regetilio

312 4902 405 4998 regis
432 4905 527 4979 beele
555 4902 664 4978 tercii.
694 4901 736 4978 A.
766 4902 795 4999 ⁴)
823 4909 873 4980 De
902 4909 1048 4981 secundo
1076 4907 1236 4982 Ladizlao
1256 4929 1347 5002 rege.

416 5022 449 5127 *)
476 5027 527 5100 De
554 5026 652 5101 baala
678 5048 758 5123 rege
786 5028 904 5104 tercio.
933 5026 975 5104 A.
