3900 5762
980 595 1011 603 -.
1035 501 1078 602 >il
1102 595 1135 604 ...

921 715 1098 800 CAPUT
1128 718 1196 802 IV.

517 859 587 940 32.
619 859 715 941 Post
746 859 858 940 lmnc
890 861 1079 964 regnauit¹
1110 861 1256 968 Benyn
1288 859 1399 941 llela.
1443 859 1534 956 Quo
1567 875 1770 968 regnante

355 979 540 1086 Huugari
574 982 698 1061 fidem
732 981 1025 1088 derelinquunt
1058 995 1099 1062 ct
1131 983 1398 1089 baptismum,
1437 1009 1545 1064 anno
1559 980 1586 1090 ¹)
1624 985 1770 1064 infide

356 1105 606 1207 obenantes,
639 1117 686 1186 ut
718 1129 796 1184 nec
829 1105 977 1210 pagani
1010 1132 1088 1184 nec
1121 1105 1311 1184 catholici
1344 1105 1592 1187 riderentur.
1620 1106 1773 1186 Postea

357 1239 496 1307 tamen
547 1239 663 1306 motu
711 1226 874 1334 proprio
921 1227 1017 1306 fidei
1065 1226 1328 1308 adheserunt..
1369 1227 1451 1306 lste
1485 1229 1595 1308 enim
1628 1227 1774 1310 omnia

357 1349 446 1428 fora
477 1349 543 1429 die
576 1348 737 1430 sabbati
772 1375 862 1429 esse
895 1348 1026 1429 ualuit
1059 1376 1131 1456 pro
1165 1349 1340 1430 emendo
1375 1363 1415 1429 ct
1444 1349 1673 1452 vendende,
1692 1351 1774 1458 lly-

355 1470 593 1578 zantiosque
627 1497 787 1552 currere
820 1471 921 1551 fecit
952 1499 1027 1578 per
1058 1471 1286 1552 districtum
1320 1473 1434 1577 regni
1468 1472 1542 1574 sni,
1588 1471 1659 1579 qni
1692 1473 1769 1552 ‹le-

355 1593 479 1674 nariis
512 1593 715 1697 argenteis
750 1593 929 1674 multum
963 1594 1112 1698 paruis
1147 1593 1303 1676 scilicet
1334 1594 1406 1674 XL
1440 1595 1572 1674 cambi
1608 1593 1768 1675 debuit.

354 1714 473 1796 Vnde
507 1743 639 1822 usquc
672 1715 793 1795 hodie
830 1715 986 1794 (leuarii
1019 1715 1091 1795 XL
1122 1742 1296 1796 numero
1314 1742 1462 1797 aurum
1480 1717 1769 1824 appellantur;

354 1864 436 1918 non
471 1838 580 1944 quod
616 1838 696 1918 sint
728 1837 853 1938 aurei,
896 1838 968 1917 sed
1003 1837 1099 1944 quia
1132 1837 1285 1917 denarii
1321 1838 1393 1918 Xl.
1425 1839 1607 1943 argentei
1652 1839 1769 1919 rale-

247 2044 256 2060 .
354 1961 455 2040 bant
487 1960 723 2068 byzantium
759 1987 902 2039 unum.
952 1959 1156 2065 llegnauit
1188 1974 1327 2040 autem
1361 1961 1524 2042 duobus
1557 1961 1687 2062 annis,
1725 1976 1769 2041 et

354 2083 394 2162 in
428 2083 546 2163 tertio
594 2082 786 2187 migrauit
834 2107 887 2161 ex
935 2082 1013 2162 hoc
1060 2083 1213 2184 seculo,
1247 2083 1288 2162 in
1321 2109 1480 2190 suoque
1514 2083 1767 2165 monasterio

355 2204 464 2285 dicto
497 2203 632 2310 Sccug
663 2198 806 2311 Zard²)
841 2203 1049 2310 sepelitur.
1084 2203 1160 2284 Hic
1194 2205 1301 2284 onim
1338 2206 1482 2288 caluus
1515 2220 1611 2308 erat,
1635 2221 1675 2285 et
1692 2232 1767 2286 co·

355 2327 440 2406 lore
473 2328 643 2429 brunus,
677 2339 843 2433 propter
877 2326 986 2432 quod
1029 2353 1151 2408 suum
1187 2327 1478 2408 monasterium
1514 2327 1765 2408 diminutiue

355 2449 462 2531 sicut
494 2461 580 2529 erat
612 2449 700 2555 ipse
734 2475 903 2555 cor'pore
937 2447 1171 2555 dispositus⁷
1205 2448 1263 2530 sic
1296 2451 1434 2530 vocari
1465 2450 1594 2532 iussit.

514 2571 583 2653 33.
624 2571 810 2652 Tandem
858 2595 955 2650 vero
1005 2570 1110 2650 inter
1142 2568 1407 2652 Salomonem
1439 2572 1674 2652 ladislaum
1722 2585 1765 2652 et

358 2691 555 2774 Geicham
590 2693 725 2798 grauis
758 2692 960 2772 discordia
998 2691 1230 2794 suscitatur,
1265 2695 1451 2801 alumpni
1485 2694 1613 2801 patrie
1655 2694 1766 2774 inter

354 2843 398 2898 se
431 2814 683 2896 diuiduntur.
717 2813 895 2910 Quidam
929 2814 1036 2894 enim
1072 2813 1294 2917 Salomoni,
1328 2817 1454 2922 aliqui
1487 2815 1675 2897 ladislao
1721 2830 1766 2896 et

355 2937 510 3018 Geiohe
558 2938 820 3018 adheserunt.
870 2935 958 3017 llcx
1002 2949 1140 3017 autem
1175 2936 1369 3017 Salomon
1404 2937 1595 3018 Cesarem
1636 2965 1761 3020 suum

355 3086 543 3142 socerum
579 3074 719 3140 contra
751 3058 986 3140 ladislaum
1030 3073 1071 3139 et
1103 3059 1298 3139 (leiclram
1343 3087 1417 3167 per
1449 3060 1619 3140 Nitriam
1662 3087 1762 3141 cum

355 3182 542 3264 exercitu
575 3183 759 3263 maximo
794 3181 1026 3262 introducit.
1071 3179 1149 3275 Qui
1182 3181 1351 3262 Vaciam
1387 3183 1647 3288 perueniens,
1681 3183 1762 3264 La·

355 3305 472 3386 dislai
505 3306 691 3385 exercitu
724 3305 950 3410 speculato,
984 3302 1105 3383 linxit
1137 3331 1181 3384 se
1205 3304 1427 3407 iufirnmm‚
1447 3304 1761 3410 perPosonium

353 3427 395 3506 in
429 3427 638 3510 Austriam
682 3441 744 3508 est
780 3453 983 3527 reuersus
1017 3423 1185 3507 dimisso
1234 3427 1284 3506 dc
1318 3427 1483 3508 lloemis
1531 3439 1572 3507 et
1604 3425 1763 3506 Noricis

354 3549 574 3631 sufficienti
608 3549 763 3630 auxilio
797 3547 1019 3628 Salomoni.
1053 3545 1173 3628 'luno
1207 3547 1354 3630 (lesare
1387 3563 1634 3654 retrogresso
1667 3575 1763 3656 pre-

354 3671 456 3750 lium
488 3671 530 3752 in
563 3665 806 3776 lluuororl3)
840 3670 946 3749 inter
993 3669 1103 3775 ipsos
1152 3685 1215 3750 est
1248 3671 1529 3752 cornmissnm.
1578 3670 1629 3750 lu
1661 3669 1760 3777 quid

354 3794 489 3875 ultra?
521 3791 715 3874 Salomon
743 3792 988 3893 denincitur,
1022 3805 1278 3898 prostrantur
1295 3793 1510 3873 Teutonici
1544 3807 1585 3873 et
1605 3793 1762 3874 Boemi.

354 3915 406 3996 Et
438 3915 538 3996 dnm
571 3943 615 3996 se
647 3941 829 4021 suosque
864 3914 1050 3996 deuictos
1084 3915 1346 4018 cognouisset
1379 3917 1520 4019 l'ugam
1555 3915 1656 3995 iniit.
1676 3913 1762 3995 Da-

354 4038 530 4120 nubium
565 4038 603 4117 in
639 4035 846 4142 Scigetfou
881 4035 1157 4142 pertransiens
1206 4037 1301 4116 inde
1351 4037 1389 4116 in
1426 4036 1665 4118 lllusunium
1715 4064 1761 4118 se

355 4160 530 4265 collegit.
563 4161 610 4242 ln
644 4159 772 4266 prelio
805 4171 943 4239 autem
977 4157 1248 4239 llunorodino
1282 4189 1362 4239 non
1393 4161 1524 4240 solum
1545 4152 1761 4239 'santonici

355 4277 468 4390 aust)
502 4283 644 4363 Bocmi
678 4281 927 4382 ceciderunt,
962 4280 1031 4360 sed
1067 4279 1190 4360 oriam
1225 4282 1354 4361 maior
1386 4309 1480 4388 pars
1524 4281 1575 4361 de
1617 4280 1762 4361 militia

356 4406 468 4511 regni
502 4405 633 4514 periit.
660 4404 853 4485 Salomon
889 4429 984 4506 ergo
1018 4415 1208 4483 metucns
1241 4404 1385 4486 fratres
1417 4432 1514 4486 suos
1547 4431 1641 4485 cmn
1675 4415 1761 4483 tota

355 4528 511 4609 familia
543 4528 582 4608 in
616 4527 776 4608 Stiriam
813 4525 1005 4625 imminit,
1039 4525 1110 4606 ubi
1145 4525 1184 4605 in
1219 4523 1759 4630 Agmundmonasteriofa-

357 4651 471 4733 milia
503 4677 576 4734 sna
610 4650 816 4750 (landiola,
850 4648 889 4727 in
926 4645 1165 4728 llusnuium
1200 4661 1480 4750 cstreucrsus,
1499 4647 1643 4730 volens
1676 4647 1759 4728 col-

356 4774 481 4880 ligere
515 4773 744 4855 exerritum
779 4771 934 4852 iterato.
964 4767 1043 4849 Sed
1078 4798 1171 4850 cnm
1207 4770 1258 4850 dc
1291 4770 1356 4851 die
1376 4771 1416 4851 in
1438 4771 1546 4851 diem
1567 4769 1760 4852 deficeret

356 4931 563 4938 »ψ’--

468 5011 493 5119 ¹)
522 5017 689 5092 forsitan:
719 5014 815 5089 adeo.
848 5014 877 5116 2)
908 5013 1111 5106 Sterrgzard.
1142 5013 1220 5087 edil.
1254 5011 1280 5108 ³)
1310 5016 1484 5088 Mnnorad.
1515 5011 1544 5109 ⁴)
1573 5019 1617 5088 et.
