3900 5762
1040 453 1116 532 'tat

1011 557 1165 568 ωσι-ι*

386 688 517 784 raton.
540 674 611 790 qui
644 680 781 764 stabat
812 680 853 762 in
886 682 999 764 urbis
1032 679 1344 790 propugnaculo
1378 707 1473 761 eum
1492 675 1667 785 coniuge
1701 706 1788 778 sua,

387 830 461 912 pro
494 803 649 909 ingenti
680 803 932 886 verecundia
965 817 1215 912 reputantes,
1250 816 1490 883 auerterunt
1529 802 1656 882 facies
1693 828 1791 884 suas

385 939 605 1034 pergentes
637 925 679 1006 in
712 925 932 1032 palacium.
960 924 1254 1008 Verumtamen
1289 952 1385 1006 eum
1419 923 1592 1028 hungari
1614 950 1791 1006 censum

367 1048 642 1155 repetissent,
676 1073 749 1155 pro
784 1075 866 1156 quo
900 1062 1108 1129 certamen
1143 1047 1411 1131 commissum
1448 1047 1581 1127 fuerat
1614 1059 1655 1126 et
1687 1073 1794 1152 pug-

385 1183 541 1273 natum,
576 1170 676 1251 dum
709 1169 834 1252 risum
869 1170 1023 1251 faceret
1063 1197 1276 1276 grecorum
1319 1170 1542 1274 imperator
1575 1167 1625 1272 de
1660 1194 1794 1274 censu

384 1293 605 1398 postulate,
639 1293 880 1374 recedentes
914 1291 1086 1398 hungari
1120 1291 1170 1374 de
1205 1291 1417 1374 obsidione
1453 1289 1629 1371 ciuitatis
1663 1290 1795 1396 depo·

385 1414 515 1521 pulati
548 1427 647 1508 sunt
677 1427 805 1496 totam
835 1414 1037 1516 Greeiam‚
1056 1415 1292 1496 haurientes
1326 1440 1379 1493 ex
1413 1439 1462 1492 ea
1495 1437 1639 1493 aurmn
1676 1439 1796 1516 gem·

386 1562 474 1618 mas
508 1552 549 1616 et
580 1550 767 1618 arrnenta
799 1537 969 1639 infinita,
1003 1539 1146 1643 sicque
1187 1536 1236 1616 ad
1276 1534 1439 1642 propria
1482 1549 1578 1614 sunt
1619 1535 1793 1616 reuersi.

384 1655 669 1741 Cormnunitas
702 1660 842 1765 itaque
876 1658 1153 1764 hungarorum
1189 1686 1285 1739 cum
1319 1656 1403 1738 suis
1437 1655 1666 1763 capitaneis
1700 1655 1792 1738 siue

383 1779 560 1863 ducibus
593 1780 670 1861 hec
703 1796 744 1862 et
776 1781 855 1861 alia
888 1780 1124 1861 huiusmodi
1157 1806 1289 1886 usque
1323 1777 1372 1858 ad
1417 1791 1604 1884 tempora
1637 1776 1794 1859 Toxuu

383 1901 500 1985 ducis
532 1904 708 2008 gessisse
741 1901 992 2010 perhibetur.

411 2161 571 2245 XXXV
604 2156 804 2242 Sanetus
832 2157 1108 2360 Stepliunuai
1121 2159 1299 2263 primus
1326 2180 1409 2238 rex
1434 2156 1765 2262 hungarorum

978 2301 1091 2361 nuso
1108 2285 1197 2361 tur.

537 2531 633 2639 (38)
676 2531 797 2612 Porro
830 2529 979 2612 Toxun
1023 2529 1165 2636 genuit
1198 2529 1407 2638 Geyeham
1454 2541 1494 2609 et
1527 2526 1792 2632 hlielraelem,

382 2651 557 2735 Michael
590 2678 687 2735 vero
721 2653 864 2758 genuit
896 2652 1062 2734 calaum
1095 2652 1330 2733 Ladizlaum
1366 2665 1407 2732 et
1440 2649 1580 2731 Vazul.
1614 2651 1794 2760 Geyeha

378 2801 476 2858 vero
510 2775 650 2858 diuino
682 2775 939 2882 premonitus
973 2775 1138 2857 oraculo
1172 2801 1280 2856 auno
1313 2772 1518 2854 dominice
1538 2773 1792 2856 iucarnatio-

378 2898 441 2980 nis
474 2897 787 3004 nongentesimo
821 2896 1080 3002 sexagesimo
1113 2922 1234 2998 nono,
1254 2894 1606 3004 quemadmodum
1642 2894 1684 2975 in
1708 2897 1790 2979 Le-

377 3021 512 3125 genda
544 3020 653 3102 beati
685 3017 885 3127 Stephani
916 3019 1020 3124 regis
1054 3019 1253 3126 seriptum
1287 3032 1359 3120 est,
1378 3017 1521 3122 genuit
1549 3015 1587 3097 S.
1606 3015 1790 3126 Stepha-

378 3170 481 3224 num
515 3169 652 3248 regem
687 3168 741 3221 ex
774 3140 934 3223 Sarolth
953 3141 1036 3222 filia
1053 3141 1200 3249 Gyula.
1218 3145 1274 3221 At
1294 3167 1368 3220 rex
1387 3137 1621 3246 Stephanus
1638 3140 1791 3246 plures

381 3265 550 3371 quidem
582 3262 726 3370 genuit
757 3263 872 3365 filios,
906 3263 980 3344 sed
1023 3263 1127 3344 inter
1169 3263 1269 3345 alios
1302 3261 1447 3344 habuit
1484 3289 1612 3342 unum
1647 3261 1789 3345 filium

380 3387 549 3468 nomine
581 3385 817 3467 Emerieum
850 3386 927 3466 deo
960 3385 1182 3466 arnabilem
1216 3397 1255 3464 et
1288 3383 1524 3465 hominibus
1564 3384 1791 3468 honorabi-

378 3509 475 3610 lem,
510 3507 627 3590 cuius
661 3508 860 3588 memoria
892 3507 934 3588 in
965 3507 1262 3588 benediccione
1305 3523 1377 3586 est.
1421 3505 1499 3584 llic
1534 3519 1673 3586 autem
1713 3535 1792 3615 per

379 3629 647 3713 inscrutabile
680 3629 808 3711 diuini
842 3629 999 3712 consilii
1032 3628 1228 3710 iudicium
1264 3645 1405 3735 raptus
1439 3645 1500 3708 est
1537 3627 1587 3708 de
1631 3613 1788 3734 medie,

380 3779 432 3834 ne
466 3751 629 3833 malicia
661 3765 839 3834 mutaret
872 3751 1125 3833 intellectum
1146 3751 1245 3852 eius,
1266 3765 1306 3830 et
1338 3778 1390 3831 ne
1422 3749 1538 3830 fieeio
1571 3750 1791 3858 deciperet

380 3873 565 3956 animum
600 3873 699 3976 eius,
734 3873 1087 3980 quemadmodum
1122 3873 1173 3953 de
1206 3874 1425 3954 immatura
1464 3887 1594 3953 morte
1637 3874 1789 3958 scribi·

379 3993 517 4078 turin
550 3994 655 4077 libro
703 3995 916 4103 sapientie.
965 3994 1019 4075 Vt
1054 4022 1148 4100 ergo
1197 4009 1288 4076 aeta
1333 4023 1384 4075 ne
1428 4021 1598 4100 agamus
1632 4010 1674 4075 et
1708 4024 1789 4078 ex·

378 4117 512 4226 posita
544 4143 597 4198 ne
631 4142 903 4224 exponamus,
939 4130 1040 4224 quot
1072 4133 1112 4198 et
1145 4117 1308 4224 quantis
1342 4117 1561 4199 virtutibus
1585 4115 1786 4222 floruerit,

378 4252 420 4321 et
452 4267 577 4347 quam
610 4240 776 4321 feruens
809 4238 849 4320 iu
883 4239 949 4320 dei
983 4239 1148 4320 seruitio
1181 4252 1348 4320 sauctus
1388 4241 1597 4322 confessor
1629 4237 1785 4324 Christi

376 4361 589 4444 Emericus
622 4361 709 4442 dux
744 4361 864 4442 fuerit
897 4361 1074 4442 seribere
1092 4361 1413 4468 supersedimus.
1440 4359 1634 4467 Quisquis
1669 4364 1786 4445 enirn

376 4483 455 4565 hoc
487 4483 590 4567 seire
624 4482 810 4586 voluerit,
845 4510 897 4562 ex
931 4482 1106 4589 legenda
1139 4483 1324 4565 eiusdem
1359 4483 1582 4565 beatissimi
1616 4487 1785 4569 confes·

377 4605 477 4688 soris
509 4607 676 4714 plenam
693 4604 949 4687 sanctissime
968 4605 1290 4687 conuersationis
1309 4605 1395 4686 eius
1414 4603 1606 4686 noticiam
1626 4605 1785 4690 habere

378 4726 537 4836 poterit.
570 4726 653 4808 Nos
687 4751 736 4808 ea
767 4727 916 4834 potius,
936 4754 1016 4836 que
1035 4728 1087 4808 ab
1106 4726 1193 4809 aliis
1216 4727 1482 4835 scriptoribus
1514 4729 1786 4834 pretermissa

372 4864 473 4934 ¹sunt
507 4849 694 4930 breuiter.
718 4876 766 4928 ac
798 4849 1036 4931 summatim
1071 4849 1248 4930 seribere
1282 4848 1546 4930 intendimus.
