3898 5752
363 705 565 783 Auetarium
592 710 730 785 Znettli
757 711 800 787 ad
826 735 954 786 annum
984 714 1097 786 1147.
1126 711 1305 800 „Castrum
1330 713 1502 786 Bresburo
1529 733 1550 784 a
1576 709 1707 784 uostris
1725 707 1760 782 in

364 830 442 905 dolo
470 829 615 926 capitur,
645 837 679 906 et
707 855 769 928 pro
798 834 942 928 pecunie
969 834 1133 909 redditur.
1168 833 1297 928 Vugari
1330 857 1370 908 ea
1405 855 1507 908 causa
1542 854 1584 906 eu
1620 835 1760 926 utraque

363 956 462 1046 parte
487 953 637 1028 Danubii
665 961 792 1030 terram
820 960 973 1032 nostram
1002 958 1276 1032 devastaverunt.
1313 957 1419 1031 (ledes
1458 958 1545 1030 iacta
1585 959 1638 1028 est
1667 953 1762 1028 iuxta

364 1073 494 1150 Litha
521 1077 578 1149 III
606 1077 684 1152 idus
713 1077 940 1172 Septembris.
985 1080 1047 1153 88.
1078 1080 1141 1152 ΙΧ.
1169 1082 1257 1153 538.
1297 1079 1347 1152 De
1375 1079 1597 1152 Bissenoruun
1631 1077 1762 1151 colonia

365 1195 461 1271 iuxta
489 1197 628 1274 fluuium
656 1199 780 1276 Litaha
807 1201 856 1275 sio
885 1201 1060 1276 Emerieus
1090 1223 1151 1274 rex
1179 1200 1213 1273 iu
1242 1202 1360 1276 charta
1387 1201 1466 1276 anni
1499 1201 1617 1275 1203:
1660 1201 1762 1284 „Pre-

365 1317 458 1393 dium
487 1321 576 1414 quod
605 1322 745 1396 Bisseni
773 1325 943 1417 quondum
971 1323 1204 1417 possidebant,
1231 1325 1271 1396 de
1299 1323 1373 1396 iure
1392 1321 1639 1398 Mossuuieusis
1660 1319 1763 1393 castri

366 1447 559 1535 exemptum
598 1445 760 1518 coenobio
800 1447 835 1520 S.
874 1447 984 1520 crutis
1013 1445 1219 1520 contulimus
1246 1445 1499 1539 possidendum.
1533 1444 1649 1518 Prima
1676 1445 1765 1516 meta

366 1563 471 1636 sumit
501 1563 639 1639 initium
666 1567 707 1639 ad
736 1567 1017 1660 septentrionem,
1048 1593 1067 1642 a
1096 1567 1198 1642 lluuio
1232 1568 1288 1661 qui
1324 1573 1463 1642 uocatur
1505 1568 1601 1655 Sar;
1645 1563 1767 1637 deiude

366 1685 584 1777 protenditur
611 1687 652 1761 ad
681 1689 848 1763 orientem
876 1689 973 1763 iusta
1002 1691 1148 1764 rirulurn
1177 1691 1233 1783 qui
1262 1690 1338 1764 lluit
1366 1689 1399 1764 in
1438 1687 1626 1782 predictum
1667 1687 1765 1773 Sar3

368 1805 491 1882 deinde
520 1807 697 1883 descendit
722 1811 757 1883 in
778 1833 935 1906 magnam
955 1813 1077 1886 uallem
1105 1813 1146 1886 ad
1175 1811 1441 1886 occidentem
1471 1818 1505 1883 et
1532 1809 1666 1883 taudem
1697 1811 1766 1880 ter·
1918 1781 1919 1834 ³

367 1927 517 2002 minatur
544 1929 578 2003 in
606 1936 788 2024 prenotato
816 1933 920 2008 fluuio
950 1935 1065 2007 Sar.“
1098 1935 1177 2008 Mon
1207 1936 1236 2007 I.
1267 1939 1328 2008 98.

524 2069 561 2144 Si
589 2071 728 2146 Bissani
756 2074 804 2148 ud
842 2074 962 2146 fines
1000 2073 1117 2169 regni
1156 2079 1275 2148 contre
1303 2071 1508 2146 Teutonicos
1549 2065 1767 2144 collocati

368 2189 524 2282 fuerunt;
555 2195 585 2268 si
615 2193 752 2268 termini
780 2195 1002 2270 Bissenorum
1039 2197 1360 2285 occidentales,
1395 2195 1510 2268 eodem
1539 2191 1641 2266 durio
1669 2187 1768 2264 duic·
1919 2203 1920 2206 ’

367 2315 513 2388 bantur:
543 2321 671 2391 eertum
700 2321 754 2392 est
781 2317 892 2410 ipsum
921 2319 1012 2407 Sar,
1043 2342 1103 2393 seu
1129 2317 1343 2393 Litanam
1370 2340 1433 2411 pro
1463 2313 1566 2388 fluvio
1584 2313 1770 2406 ilungaros

368 2434 615 2512 a'l'eutonicis
652 2438 832 2513 dirimente
868 2440 1039 2519 habiturn.
1078 2444 1284 2534 pontemque
1321 2438 1444 2515 Gunoil
1486 2458 1589 2530 super
1626 2433 1769 2508 eundem

369 2555 496 2630 foetum
525 2559 645 2634 tuisse.
675 2560 804 2636 llleutio
833 2561 987 2636 Bruckae
1022 2562 1119 2635 iuxta
1157 2563 1242 2637 Saar
1278 2561 1427 2636 occurrit
1463 2560 1499 2633 in
1532 2559 1651 2632 charta
1687 2553 1768 2628 anni
1920 2613 1921 2616 ,

374 2681 486 2770 reat,
516 2680 569 2754 oui
598 2681 747 2756 insertae
784 2687 865 2757 sunt
898 2683 1035 2757 tabulae
1072 2683 1220 2758 foederis
1259 2683 1349 2757 iuter
1385 2679 1599 2754 Friderieum
1638 2679 1770 2752 III-um

370 2798 621 2894 imperatorem,
656 2811 690 2878 et
726 2805 883 2879 (barolum
919 2808 937 2879 Ι
975 2829 1089 2901 regem
1131 2831 1241 2894 „arcuo
1280 2804 1418 2880 Domini
1456 2803 1555 2878 1328
1593 2799 1769 2875 undecimo

369 2923 448 2998 Kal.
478 2925 643 3014 Octobris,
674 2928 770 3019 regni
790 2931 905 3001 autem
919 2927 1063 3020 predicti
1084 2929 1212 3002 domini
1231 2927 1399 3002 Friderici
1420 2925 1513 3019 regis
1540 2946 1628 2998 anno
1649 2927 1769 3016 quarto

371 3047 498 3122 decimo
526 3046 563 3119 in
597 3047 777 3120 Brulrka
812 3049 933 3122 circa
971 3049 1158 3124 fluuium
1189 3051 1296 3124 Saar
1332 3049 1485 3122 conferte
1513 3051 1548 3118 et
1576 3045 1765 3118 emanate.“

371 3167 406 3242 O.
434 3163 477 3243 D.
507 3170 606 3244 VIII.
636 3173 671 3244 4.
702 3171 788 3244 237.

525 3291 688 3366 Narrabo
717 3291 843 3365 notarii
873 3291 959 3386 regii
988 3293 1028 3367 da
1057 3295 1217 3368 terminis
1246 3295 1341 3389 regui
1363 3291 1645 3380 occidentalibus,
1666 3284 1770 3360 statui

372 3434 483 3486 rerum
510 3413 616 3487 seculi
644 3412 812 3488 unclecImi
841 3437 908 3487 uon
937 3415 1106 3509 congruit.
1138 3416 1242 3490 Fines
1271 3417 1362 3489 enim
1381 3413 1478 3508 regni
1499 3412 1598 3486 initio
1618 3407 1769 3483 eiusdem

372 3533 479 3608 seculi
507 3534 598 3608 ultra
626 3537 799 3610 nonnam
827 3541 859 3611 et
891 3535 1049 3612 Litaham
1077 3537 1198 3612 duvios
1227 3535 1531 3631 protendebantur.
1560 3531 1705 3616 croatia.
1734 3531 1769 3601 et

370 3653 541 3730 Dalmatia
573 3657 630 3730 ubi
668 3659 749 3732 urbs
778 3661 956 3752 Spalatum
993 3681 1054 3752 per
1091 3659 1249 3753 proprios
1287 3659 1496 3754 regebantur
1534 3653 1769 3749 principes,a

371 3775 531 3850 Ladislao
559 3783 592 3851 et
620 3779 825 3854 dolomanuo
862 3781 1002 3876 regibus
1041 3787 1189 3856 exeunte
1218 3782 1334 3855 seeulo
1367 3779 1544 3854 undecimo
1572 3772 1769 3869 Hungariae

372 3895 534 3972 adnexae.
562 3900 632 3973 Nec
660 3901 825 3975 montium
854 3905 1025 3998 Peturgoa
1053 3901 1238 3998 appellatio
1267 3907 1347 3975 aute
1367 3922 1503 3975 caesum
1522 3921 1543 3972 a
1562 3898 1769 3972 Solomanuo

372 4017 511 4092 Petrum
539 4040 654 4114 regem
680 4021 837 4116 cuiquem
864 4026 1013 4119 cognita

531 4139 726 4218 Contractio
754 4144 872 4218 finium
901 4147 1162 4221 occidentalium
1190 4149 1253 4222 sub
1281 4145 1358 4219 Aba
1385 4165 1466 4238 rege
1494 4141 1653 4235 contigit.
1677 4136 1769 4212 Ditio

373 4257 409 4333 8.
437 4259 528 4354 regis
557 4263 720 4357 Stephani
759 4266 860 4340 durio
897 4269 1022 4343 Fisclra
1064 4267 1325 4342 terminabatur.
1372 4265 1539 4360 „nm
1578 4263 1769 4356 Imperbwr

373 4379 558 4474 burgariam
586 4381 723 4464 iurasit.
752 4409 891 4482 eamque
918 4389 1035 4464 citima
1063 4413 1106 4463 ex
1136 4395 1233 4484 parte
1261 4389 1351 4463 oir'ca
1378 4387 1505 4462 Fischa
1541 4381 1683 4458 fluuium
1714 4381 1768 4453 de·

373 4501 556 4580 anteierit·
588 4503 676 4578 Anu.
706 4507 859 4602 Sangall.
888 4509 967 4585 mai.
999 4512 1179 4597 ,uxum
1217 4509 1403 4586 Heinricus
1431 4531 1492 4582 reu
1531 4507 1658 4581 iterum
1685 4503 1769 4576 Pan·

374 4621 494 4696 aonias
522 4629 655 4718 patene,
683 4629 724 4702 ab
753 4629 867 4704 Oroue
895 4631 953 4706 rin
981 4632 1185 4726 impetrante
1219 4637 1368 4726 pactum,
1398 4629 1684 4714 satisfactionem,
1711 4621 1768 4696 ob·

374 4741 476 4823 sides.
497 4765 647 4830 ururrem,
676 4749 902 4844 regnique
929 4776 1059 4848 usque
1086 4755 1137 4827 ad
1164 4753 1377 4828 Litaham
1405 4753 1576 4826 flumen
1605 4750 1768 4843 partem

372 4861 608 4958 accipiens
636 4869 828 4944 discessitl'
860 4873 1104 4949 Herimannus
1134 4875 1199 4949 88.
1229 4878 1269 4950 t.
1303 4877 1388 4950 124.
1420 4871 1619 4962 ,Eubulus
1637 4863 1767 4944 Alberti

374 4983 540 5080 magnino
569 4985 744 5082 albertus,
773 4991 830 5086 qui
858 4997 1074 5088 postmodum
1094 4995 1278 5074 marchiam
1298 4997 1512 5087 orientalem,
1534 4995 1644 5070 idest
1670 4993 1767 5066 Pan-
