<?xml version="1.0" encoding="UTF-8"?>
<!DOCTYPE html PUBLIC "-//W3C//DTD XHTML 1.0 Transitional//EN"
    "http://www.w3.org/TR/xhtml1/DTD/xhtml1-transitional.dtd">
<html xmlns="http://www.w3.org/1999/xhtml" xml:lang="en" lang="en">
 <head>
  <title>
</title>
<meta http-equiv="Content-Type" content="text/html;charset=utf-8" />
  <meta name='ocr-system' content='tesseract 3.04.00' />
  <meta name='ocr-capabilities' content='ocr_page ocr_carea ocr_par ocr_line ocrx_word'/>
</head>
<body>
  <div class='ocr_page' id='page_1' title='image "./chronicahungaro00florgoog_0208.png"; bbox 0 0 3896 5758; ppageno 0'>
   <div class='ocr_carea' id='block_1_1' title="bbox 810 543 965 644">
    <p class='ocr_par' dir='ltr' id='par_1_1' title="bbox 810 543 965 644">
     <span class='ocr_line' id='line_1_1' title="bbox 810 543 965 644; baseline 0 -35"><span class='ocrx_word' id='word_1_1' title='bbox 810 543 965 644; x_wconf 44' lang='lat' dir='ltr'>Lea-</span> 
     </span>
    </p>
   </div>
   <div class='ocr_carea' id='block_1_2' title="bbox 186 756 1595 4892">
    <p class='ocr_par' dir='ltr' id='par_1_2' title="bbox 186 756 1591 3182">
     <span class='ocr_line' id='line_1_2' title="bbox 193 756 1586 865; baseline -0.001 -27"><span class='ocrx_word' id='word_1_2' title='bbox 193 757 477 865; x_wconf 83' lang='lat' dir='ltr'>hungarorum,</span> <span class='ocrx_word' id='word_1_3' title='bbox 512 759 582 865; x_wconf 95' lang='lat' dir='ltr'>qui</span> <span class='ocrx_word' id='word_1_4' title='bbox 608 771 695 840; x_wconf 92' lang='lat' dir='ltr'>erat</span> <span class='ocrx_word' id='word_1_5' title='bbox 721 759 910 862; x_wconf 88' lang='lat' dir='ltr'>cumeis,</span> <span class='ocrx_word' id='word_1_6' title='bbox 944 758 1249 838; x_wconf 89' lang='lat' dir='ltr'>descenderunt</span> <span class='ocrx_word' id='word_1_7' title='bbox 1273 757 1382 838; x_wconf 89' lang='lat' dir='ltr'>cirea</span> <span class='ocrx_word' id='word_1_8' title='bbox 1402 756 1586 839; x_wconf 88' lang='lat' dir='ltr'>Vaciam.</span> 
     </span>
     <span class='ocr_line' id='line_1_3' title="bbox 190 879 1588 986; baseline 0 -26"><span class='ocrx_word' id='word_1_9' title='bbox 190 879 278 961; x_wconf 85' lang='lat' dir='ltr'>Fuit</span> <span class='ocrx_word' id='word_1_10' title='bbox 318 893 459 962; x_wconf 84' lang='lat' dir='ltr'>autem</span> <span class='ocrx_word' id='word_1_11' title='bbox 500 881 556 962; x_wconf 93' lang='lat' dir='ltr'>ibi</span> <span class='ocrx_word' id='word_1_12' title='bbox 598 907 749 986; x_wconf 85' lang='lat' dir='ltr'>magna</span> <span class='ocrx_word' id='word_1_13' title='bbox 790 881 907 978; x_wconf 89' lang='lat' dir='ltr'>silua,</span> <span class='ocrx_word' id='word_1_14' title='bbox 960 893 1000 961; x_wconf 93' lang='lat' dir='ltr'>et</span> <span class='ocrx_word' id='word_1_15' title='bbox 1036 905 1160 960; x_wconf 91' lang='lat' dir='ltr'>nemo</span> <span class='ocrx_word' id='word_1_16' title='bbox 1203 880 1244 959; x_wconf 92' lang='lat' dir='ltr'>iu</span> <span class='ocrx_word' id='word_1_17' title='bbox 1289 905 1338 960; x_wconf 89' lang='lat' dir='ltr'>ea</span> <span class='ocrx_word' id='word_1_18' title='bbox 1381 895 1588 962; x_wconf 82' lang='lat' dir='ltr'>manserat</span> 
     </span>
     <span class='ocr_line' id='line_1_4' title="bbox 190 999 1590 1110; baseline -0.001 -28"><span class='ocrx_word' id='word_1_19' title='bbox 190 1015 322 1110; x_wconf 89' lang='lat' dir='ltr'>preter</span> <span class='ocrx_word' id='word_1_20' title='bbox 361 1031 492 1084; x_wconf 91' lang='lat' dir='ltr'>unum</span> <span class='ocrx_word' id='word_1_21' title='bbox 536 1002 779 1084; x_wconf 80' lang='lat' dir='ltr'>heremitam</span> <span class='ocrx_word' id='word_1_22' title='bbox 823 1002 990 1083; x_wconf 91' lang='lat' dir='ltr'>nomine</span> <span class='ocrx_word' id='word_1_23' title='bbox 1034 999 1177 1102; x_wconf 81' lang='lat' dir='ltr'>Wacb,</span> <span class='ocrx_word' id='word_1_24' title='bbox 1210 1014 1351 1082; x_wconf 89' lang='lat' dir='ltr'>sancte</span> <span class='ocrx_word' id='word_1_25' title='bbox 1393 1001 1490 1104; x_wconf 86' lang='lat' dir='ltr'>uite,</span> <span class='ocrx_word' id='word_1_26' title='bbox 1535 1027 1590 1082; x_wconf 79' lang='lat' dir='ltr'>ex</span> 
     </span>
     <span class='ocr_line' id='line_1_5' title="bbox 191 1122 1588 1232; baseline 0 -28"><span class='ocrx_word' id='word_1_27' title='bbox 191 1124 304 1206; x_wconf 91' lang='lat' dir='ltr'>cuius</span> <span class='ocrx_word' id='word_1_28' title='bbox 338 1125 506 1206; x_wconf 89' lang='lat' dir='ltr'>nomine</span> <span class='ocrx_word' id='word_1_29' title='bbox 539 1122 626 1205; x_wconf 83' lang='lat' dir='ltr'>dux</span> <span class='ocrx_word' id='word_1_30' title='bbox 661 1124 798 1232; x_wconf 88' lang='lat' dir='ltr'>Geysa</span> <span class='ocrx_word' id='word_1_31' title='bbox 830 1123 887 1205; x_wconf 91' lang='lat' dir='ltr'>illi</span> <span class='ocrx_word' id='word_1_32' title='bbox 921 1123 1078 1205; x_wconf 90' lang='lat' dir='ltr'>ciuitati</span> <span class='ocrx_word' id='word_1_33' title='bbox 1103 1135 1248 1231; x_wconf 89' lang='lat' dir='ltr'>postea</span> <span class='ocrx_word' id='word_1_34' title='bbox 1274 1124 1332 1206; x_wconf 94' lang='lat' dir='ltr'>ibi</span> <span class='ocrx_word' id='word_1_35' title='bbox 1354 1133 1588 1206; x_wconf 89' lang='lat' dir='ltr'>constructe</span> 
     </span>
     <span class='ocr_line' id='line_1_6' title="bbox 191 1242 1586 1355; baseline 0 -29"><span class='ocrx_word' id='word_1_36' title='bbox 191 1271 338 1326; x_wconf 91' lang='lat' dir='ltr'>nomen</span> <span class='ocrx_word' id='word_1_37' title='bbox 362 1245 570 1355; x_wconf 88' lang='lat' dir='ltr'>imposuit.</span> <span class='ocrx_word' id='word_1_38' title='bbox 598 1245 702 1328; x_wconf 88' lang='lat' dir='ltr'>Cum</span> <span class='ocrx_word' id='word_1_39' title='bbox 727 1245 848 1350; x_wconf 85' lang='lat' dir='ltr'>igitur</span> <span class='ocrx_word' id='word_1_40' title='bbox 870 1244 1077 1327; x_wconf 85' lang='lat' dir='ltr'>exercitus</span> <span class='ocrx_word' id='word_1_41' title='bbox 1097 1244 1307 1351; x_wconf 89' lang='lat' dir='ltr'>predictus</span> <span class='ocrx_word' id='word_1_42' title='bbox 1323 1242 1586 1326; x_wconf 85' lang='lat' dir='ltr'>Salomonem</span> 
     </span>
     <span class='ocr_line' id='line_1_7' title="bbox 190 1367 1589 1476; baseline 0.001 -28"><span class='ocrx_word' id='word_1_43' title='bbox 190 1381 329 1449; x_wconf 92' lang='lat' dir='ltr'>contra</span> <span class='ocrx_word' id='word_1_44' title='bbox 362 1395 407 1450; x_wconf 90' lang='lat' dir='ltr'>se</span> <span class='ocrx_word' id='word_1_45' title='bbox 440 1381 693 1476; x_wconf 85' lang='lat' dir='ltr'>expectaret,</span> <span class='ocrx_word' id='word_1_46' title='bbox 721 1368 849 1449; x_wconf 85' lang='lat' dir='ltr'>duces</span> <span class='ocrx_word' id='word_1_47' title='bbox 876 1367 1057 1474; x_wconf 90' lang='lat' dir='ltr'>quodam</span> <span class='ocrx_word' id='word_1_48' title='bbox 1087 1393 1208 1448; x_wconf 89' lang='lat' dir='ltr'>mane</span> <span class='ocrx_word' id='word_1_49' title='bbox 1235 1368 1275 1448; x_wconf 96' lang='lat' dir='ltr'>in</span> <span class='ocrx_word' id='word_1_50' title='bbox 1310 1368 1429 1475; x_wconf 88' lang='lat' dir='ltr'>equis</span> <span class='ocrx_word' id='word_1_51' title='bbox 1463 1393 1589 1449; x_wconf 90' lang='lat' dir='ltr'>causa</span> 
     </span>
     <span class='ocr_line' id='line_1_8' title="bbox 191 1489 1589 1598; baseline -0.001 -28"><span class='ocrx_word' id='word_1_52' title='bbox 191 1490 433 1572; x_wconf 82' lang='lat' dir='ltr'>consiliandi</span> <span class='ocrx_word' id='word_1_53' title='bbox 464 1491 630 1572; x_wconf 90' lang='lat' dir='ltr'>stabant</span> <span class='ocrx_word' id='word_1_54' title='bbox 662 1491 703 1570; x_wconf 92' lang='lat' dir='ltr'>in</span> <span class='ocrx_word' id='word_1_55' title='bbox 736 1489 827 1570; x_wconf 92' lang='lat' dir='ltr'>loco</span> <span class='ocrx_word' id='word_1_56' title='bbox 860 1490 933 1571; x_wconf 93' lang='lat' dir='ltr'>ubi</span> <span class='ocrx_word' id='word_1_57' title='bbox 965 1489 1089 1569; x_wconf 92' lang='lat' dir='ltr'>modo</span> <span class='ocrx_word' id='word_1_58' title='bbox 1123 1503 1185 1570; x_wconf 90' lang='lat' dir='ltr'>est</span> <span class='ocrx_word' id='word_1_59' title='bbox 1226 1490 1386 1598; x_wconf 91' lang='lat' dir='ltr'>capella</span> <span class='ocrx_word' id='word_1_60' title='bbox 1425 1489 1589 1596; x_wconf 89' lang='lat' dir='ltr'>lapidea</span> 
     </span>
     <span class='ocr_line' id='line_1_9' title="bbox 189 1610 1590 1720; baseline -0.002 -26"><span class='ocrx_word' id='word_1_61' title='bbox 189 1613 297 1694; x_wconf 89' lang='lat' dir='ltr'>beati</span> <span class='ocrx_word' id='word_1_62' title='bbox 329 1611 436 1693; x_wconf 90' lang='lat' dir='ltr'>Petri</span> <span class='ocrx_word' id='word_1_63' title='bbox 468 1613 655 1720; x_wconf 89' lang='lat' dir='ltr'>apostoli,</span> <span class='ocrx_word' id='word_1_64' title='bbox 689 1625 923 1714; x_wconf 77' lang='lat' dir='ltr'>tractantes,</span> <span class='ocrx_word' id='word_1_65' title='bbox 957 1611 1134 1717; x_wconf 82' lang='lat' dir='ltr'>qualiter</span> <span class='ocrx_word' id='word_1_66' title='bbox 1164 1611 1246 1692; x_wconf 87' lang='lat' dir='ltr'>sint</span> <span class='ocrx_word' id='word_1_67' title='bbox 1277 1610 1510 1718; x_wconf 84' lang='lat' dir='ltr'>pugnaturi.</span> <span class='ocrx_word' id='word_1_68' title='bbox 1536 1610 1590 1691; x_wconf 87' lang='lat' dir='ltr'>Et</span> 
     </span>
     <span class='ocr_line' id='line_1_10' title="bbox 190 1731 1588 1838; baseline 0 -26"><span class='ocrx_word' id='word_1_69' title='bbox 190 1734 288 1816; x_wconf 76' lang='lat' dir='ltr'>(lum</span> <span class='ocrx_word' id='word_1_70' title='bbox 322 1734 377 1816; x_wconf 95' lang='lat' dir='ltr'>ibi</span> <span class='ocrx_word' id='word_1_71' title='bbox 411 1747 567 1816; x_wconf 87' lang='lat' dir='ltr'>starent</span> <span class='ocrx_word' id='word_1_72' title='bbox 597 1734 707 1815; x_wconf 89' lang='lat' dir='ltr'>clara</span> <span class='ocrx_word' id='word_1_73' title='bbox 740 1734 805 1814; x_wconf 89' lang='lat' dir='ltr'>die</span> <span class='ocrx_word' id='word_1_74' title='bbox 837 1733 943 1814; x_wconf 86' lang='lat' dir='ltr'>uidit</span> <span class='ocrx_word' id='word_1_75' title='bbox 974 1734 1120 1814; x_wconf 88' lang='lat' dir='ltr'>beatus</span> <span class='ocrx_word' id='word_1_76' title='bbox 1145 1731 1360 1838; x_wconf 75' lang='lat' dir='ltr'>Ladizlaus</span> <span class='ocrx_word' id='word_1_77' title='bbox 1385 1732 1588 1815; x_wconf 91' lang='lat' dir='ltr'>uisiouem</span> 
     </span>
     <span class='ocr_line' id='line_1_11' title="bbox 190 1853 1587 1963; baseline -0.001 -27"><span class='ocrx_word' id='word_1_78' title='bbox 190 1857 238 1937; x_wconf 91' lang='lat' dir='ltr'>de</span> <span class='ocrx_word' id='word_1_79' title='bbox 273 1855 375 1958; x_wconf 89' lang='lat' dir='ltr'>cele,</span> <span class='ocrx_word' id='word_1_80' title='bbox 413 1870 454 1937; x_wconf 93' lang='lat' dir='ltr'>et</span> <span class='ocrx_word' id='word_1_81' title='bbox 485 1855 541 1937; x_wconf 87' lang='lat' dir='ltr'>ait</span> <span class='ocrx_word' id='word_1_82' title='bbox 573 1855 622 1937; x_wconf 79' lang='lat' dir='ltr'>acl</span> <span class='ocrx_word' id='word_1_83' title='bbox 657 1855 836 1963; x_wconf 86' lang='lat' dir='ltr'>Geysam</span> <span class='ocrx_word' id='word_1_84' title='bbox 870 1855 1019 1936; x_wconf 72' lang='lat' dir='ltr'>(lucem</span> <span class='ocrx_word' id='word_1_85' title='bbox 1053 1855 1218 1936; x_wconf 89' lang='lat' dir='ltr'>fratrem</span> <span class='ocrx_word' id='word_1_86' title='bbox 1252 1881 1396 1938; x_wconf 89' lang='lat' dir='ltr'>suum:</span> <span class='ocrx_word' id='word_1_87' title='bbox 1440 1853 1587 1936; x_wconf 83' lang='lat' dir='ltr'>Vidisti</span> 
     </span>
     <span class='ocr_line' id='line_1_12' title="bbox 189 1976 1584 2086; baseline -0.001 -28"><span class='ocrx_word' id='word_1_88' title='bbox 189 1977 371 2086; x_wconf 84' lang='lat' dir='ltr'>aliquid?</span> <span class='ocrx_word' id='word_1_89' title='bbox 403 1977 480 2073; x_wconf 82' lang='lat' dir='ltr'>Qui</span> <span class='ocrx_word' id='word_1_90' title='bbox 499 1977 730 2086; x_wconf 87' lang='lat' dir='ltr'>respondit:</span> <span class='ocrx_word' id='word_1_91' title='bbox 749 1977 886 2058; x_wconf 82' lang='lat' dir='ltr'>nichil.</span> <span class='ocrx_word' id='word_1_92' title='bbox 919 1977 1036 2059; x_wconf 87' lang='lat' dir='ltr'>Tunc</span> <span class='ocrx_word' id='word_1_93' title='bbox 1071 1977 1217 2058; x_wconf 91' lang='lat' dir='ltr'>beatus</span> <span class='ocrx_word' id='word_1_94' title='bbox 1251 1976 1464 2060; x_wconf 86' lang='lat' dir='ltr'>ladizlaus</span> <span class='ocrx_word' id='word_1_95' title='bbox 1486 1978 1584 2060; x_wconf 91' lang='lat' dir='ltr'>sub·</span> 
     </span>
     <span class='ocr_line' id='line_1_13' title="bbox 190 2098 1590 2206; baseline -0.001 -25"><span class='ocrx_word' id='word_1_96' title='bbox 190 2099 340 2183; x_wconf 80' lang='lat' dir='ltr'>iunxit:</span> <span class='ocrx_word' id='word_1_97' title='bbox 381 2098 495 2182; x_wconf 92' lang='lat' dir='ltr'>Dum</span> <span class='ocrx_word' id='word_1_98' title='bbox 544 2113 748 2182; x_wconf 90' lang='lat' dir='ltr'>staremus</span> <span class='ocrx_word' id='word_1_99' title='bbox 780 2099 847 2180; x_wconf 87' lang='lat' dir='ltr'>bic</span> <span class='ocrx_word' id='word_1_100' title='bbox 880 2100 920 2178; x_wconf 93' lang='lat' dir='ltr'>in</span> <span class='ocrx_word' id='word_1_101' title='bbox 954 2099 1136 2200; x_wconf 87' lang='lat' dir='ltr'>consili0,</span> <span class='ocrx_word' id='word_1_102' title='bbox 1179 2127 1276 2179; x_wconf 86' lang='lat' dir='ltr'>ecce</span> <span class='ocrx_word' id='word_1_103' title='bbox 1308 2099 1480 2206; x_wconf 87' lang='lat' dir='ltr'>angelus</span> <span class='ocrx_word' id='word_1_104' title='bbox 1515 2099 1590 2180; x_wconf 90' lang='lat' dir='ltr'>do·</span> 
     </span>
     <span class='ocr_line' id='line_1_14' title="bbox 188 2221 1589 2329; baseline -0.001 -27"><span class='ocrx_word' id='word_1_105' title='bbox 188 2223 287 2303; x_wconf 93' lang='lat' dir='ltr'>mini</span> <span class='ocrx_word' id='word_1_106' title='bbox 321 2221 536 2303; x_wconf 86' lang='lat' dir='ltr'>descendit</span> <span class='ocrx_word' id='word_1_107' title='bbox 573 2222 623 2302; x_wconf 91' lang='lat' dir='ltr'>de</span> <span class='ocrx_word' id='word_1_108' title='bbox 665 2222 765 2324; x_wconf 87' lang='lat' dir='ltr'>cel0,</span> <span class='ocrx_word' id='word_1_109' title='bbox 800 2235 967 2329; x_wconf 90' lang='lat' dir='ltr'>portans</span> <span class='ocrx_word' id='word_1_110' title='bbox 1001 2246 1195 2302; x_wconf 90' lang='lat' dir='ltr'>coronam</span> <span class='ocrx_word' id='word_1_111' title='bbox 1227 2247 1396 2303; x_wconf 86' lang='lat' dir='ltr'>auream</span> <span class='ocrx_word' id='word_1_112' title='bbox 1425 2221 1521 2328; x_wconf 87' lang='grc'>(84)</span> <span class='ocrx_word' id='word_1_113' title='bbox 1548 2221 1589 2301; x_wconf 93' lang='lat' dir='ltr'>in</span> 
     </span>
     <span class='ocr_line' id='line_1_15' title="bbox 188 2343 1588 2451; baseline 0 -28"><span class='ocrx_word' id='word_1_114' title='bbox 188 2369 315 2426; x_wconf 92' lang='lat' dir='ltr'>manu</span> <span class='ocrx_word' id='word_1_115' title='bbox 347 2371 433 2444; x_wconf 86' lang='lat' dir='ltr'>sua,</span> <span class='ocrx_word' id='word_1_116' title='bbox 471 2359 512 2424; x_wconf 87' lang='lat' dir='ltr'>et</span> <span class='ocrx_word' id='word_1_117' title='bbox 543 2343 750 2451; x_wconf 85' lang='lat' dir='ltr'>impressit</span> <span class='ocrx_word' id='word_1_118' title='bbox 782 2343 904 2450; x_wconf 87' lang='lat' dir='ltr'>capiti</span> <span class='ocrx_word' id='word_1_119' title='bbox 928 2357 1011 2446; x_wconf 85' lang='lat' dir='ltr'>tuo,</span> <span class='ocrx_word' id='word_1_120' title='bbox 1046 2343 1157 2425; x_wconf 86' lang='lat' dir='ltr'>uude</span> <span class='ocrx_word' id='word_1_121' title='bbox 1180 2355 1316 2426; x_wconf 86' lang='lat' dir='ltr'>certus</span> <span class='ocrx_word' id='word_1_122' title='bbox 1349 2371 1443 2426; x_wconf 92' lang='lat' dir='ltr'>sum</span> <span class='ocrx_word' id='word_1_123' title='bbox 1476 2343 1588 2450; x_wconf 91' lang='lat' dir='ltr'>quod</span> 
     </span>
     <span class='ocr_line' id='line_1_16' title="bbox 186 2464 1588 2572; baseline 0.001 -27"><span class='ocrx_word' id='word_1_124' title='bbox 186 2465 306 2548; x_wconf 91' lang='lat' dir='ltr'>uobis</span> <span class='ocrx_word' id='word_1_125' title='bbox 338 2466 511 2548; x_wconf 86' lang='lat' dir='ltr'>uictoria</span> <span class='ocrx_word' id='word_1_126' title='bbox 542 2466 773 2568; x_wconf 85' lang='lat' dir='ltr'>donabitur,</span> <span class='ocrx_word' id='word_1_127' title='bbox 807 2477 848 2545; x_wconf 85' lang='lat' dir='ltr'>ct</span> <span class='ocrx_word' id='word_1_128' title='bbox 880 2464 1072 2547; x_wconf 86' lang='lat' dir='ltr'>Salomon</span> <span class='ocrx_word' id='word_1_129' title='bbox 1108 2466 1207 2547; x_wconf 81' lang='lat' dir='ltr'>exul</span> <span class='ocrx_word' id='word_1_130' title='bbox 1239 2466 1369 2572; x_wconf 80' lang='lat' dir='ltr'>fugiet</span> <span class='ocrx_word' id='word_1_131' title='bbox 1406 2465 1588 2548; x_wconf 91' lang='lat' dir='ltr'>debella·</span> 
     </span>
     <span class='ocr_line' id='line_1_17' title="bbox 188 2587 1591 2693; baseline 0 -25"><span class='ocrx_word' id='word_1_132' title='bbox 188 2603 253 2671; x_wconf 84' lang='lat' dir='ltr'>tus</span> <span class='ocrx_word' id='word_1_133' title='bbox 287 2601 406 2670; x_wconf 85' lang='lat' dir='ltr'>extra</span> <span class='ocrx_word' id='word_1_134' title='bbox 437 2615 622 2693; x_wconf 84' lang='lat' dir='ltr'>reguum.</span> <span class='ocrx_word' id='word_1_135' title='bbox 657 2587 844 2692; x_wconf 83' lang='lat' dir='ltr'>Regnum</span> <span class='ocrx_word' id='word_1_136' title='bbox 877 2614 976 2669; x_wconf 90' lang='lat' dir='ltr'>uero</span> <span class='ocrx_word' id='word_1_137' title='bbox 1019 2601 1060 2666; x_wconf 92' lang='lat' dir='ltr'>ct</span> <span class='ocrx_word' id='word_1_138' title='bbox 1100 2614 1249 2669; x_wconf 87' lang='lat' dir='ltr'>corona</span> <span class='ocrx_word' id='word_1_139' title='bbox 1290 2588 1364 2670; x_wconf 88' lang='lat' dir='ltr'>tibi</span> <span class='ocrx_word' id='word_1_140' title='bbox 1406 2589 1591 2670; x_wconf 88' lang='lat' dir='ltr'>tradetur</span> 
     </span>
     <span class='ocr_line' id='line_1_18' title="bbox 187 2709 1590 2818; baseline 0 -28"><span class='ocrx_word' id='word_1_141' title='bbox 187 2710 415 2791; x_wconf 89' lang='lat' dir='ltr'>adomiuo.</span> <span class='ocrx_word' id='word_1_142' title='bbox 445 2709 520 2791; x_wconf 90' lang='lat' dir='ltr'>Cui</span> <span class='ocrx_word' id='word_1_143' title='bbox 547 2711 683 2818; x_wconf 81' lang='lat' dir='ltr'>Geysa</span> <span class='ocrx_word' id='word_1_144' title='bbox 705 2709 775 2791; x_wconf 88' lang='lat' dir='ltr'>ait:</span> <span class='ocrx_word' id='word_1_145' title='bbox 804 2709 843 2789; x_wconf 85' lang='lat' dir='ltr'>Si</span> <span class='ocrx_word' id='word_1_146' title='bbox 873 2709 1065 2790; x_wconf 87' lang='lat' dir='ltr'>domiuus</span> <span class='ocrx_word' id='word_1_147' title='bbox 1091 2709 1193 2791; x_wconf 76' lang='lat' dir='ltr'>(leus</span> <span class='ocrx_word' id='word_1_148' title='bbox 1215 2710 1339 2792; x_wconf 82' lang='lat' dir='ltr'>luerit</span> <span class='ocrx_word' id='word_1_149' title='bbox 1359 2710 1590 2812; x_wconf 91' lang='lat' dir='ltr'>uobiscum,</span> 
     </span>
     <span class='ocr_line' id='line_1_19' title="bbox 188 2831 1590 2932; baseline 0 -19"><span class='ocrx_word' id='word_1_150' title='bbox 188 2848 228 2913; x_wconf 90' lang='lat' dir='ltr'>et</span> <span class='ocrx_word' id='word_1_151' title='bbox 259 2831 500 2915; x_wconf 84' lang='lat' dir='ltr'>custodierit</span> <span class='ocrx_word' id='word_1_152' title='bbox 517 2859 592 2912; x_wconf 86' lang='lat' dir='ltr'>uos</span> <span class='ocrx_word' id='word_1_153' title='bbox 610 2833 662 2913; x_wconf 88' lang='lat' dir='ltr'>ab</span> <span class='ocrx_word' id='word_1_154' title='bbox 688 2831 861 2912; x_wconf 81' lang='lat' dir='ltr'>inimicis</span> <span class='ocrx_word' id='word_1_155' title='bbox 878 2831 1038 2932; x_wconf 88' lang='lat' dir='ltr'>uostris,</span> <span class='ocrx_word' id='word_1_156' title='bbox 1067 2845 1107 2912; x_wconf 88' lang='lat' dir='ltr'>et</span> <span class='ocrx_word' id='word_1_157' title='bbox 1134 2831 1237 2913; x_wconf 92' lang='lat' dir='ltr'>uisio</span> <span class='ocrx_word' id='word_1_158' title='bbox 1264 2832 1341 2912; x_wconf 90' lang='lat' dir='ltr'>hec</span> <span class='ocrx_word' id='word_1_159' title='bbox 1366 2833 1491 2915; x_wconf 87' lang='lat' dir='ltr'>fuerit</span> <span class='ocrx_word' id='word_1_160' title='bbox 1518 2832 1590 2914; x_wconf 89' lang='lat' dir='ltr'>ad·</span> 
     </span>
     <span class='ocr_line' id='line_1_20' title="bbox 188 2953 1589 3062; baseline -0.001 -28"><span class='ocrx_word' id='word_1_161' title='bbox 188 2954 373 3062; x_wconf 88' lang='lat' dir='ltr'>impleta,</span> <span class='ocrx_word' id='word_1_162' title='bbox 408 2953 616 3034; x_wconf 83' lang='lat' dir='ltr'>edificabo</span> <span class='ocrx_word' id='word_1_163' title='bbox 649 2953 713 3033; x_wconf 87' lang='lat' dir='ltr'>bic</span> <span class='ocrx_word' id='word_1_164' title='bbox 749 2953 786 3032; x_wconf 93' lang='lat' dir='ltr'>in</span> <span class='ocrx_word' id='word_1_165' title='bbox 820 2954 911 3034; x_wconf 86' lang='lat' dir='ltr'>loro</span> <span class='ocrx_word' id='word_1_166' title='bbox 944 2954 1020 3034; x_wconf 84' lang='lat' dir='ltr'>isto</span> <span class='ocrx_word' id='word_1_167' title='bbox 1064 2953 1280 3034; x_wconf 86' lang='lat' dir='ltr'>ecclesiam</span> <span class='ocrx_word' id='word_1_168' title='bbox 1315 2955 1589 3036; x_wconf 87' lang='lat' dir='ltr'>sacratissime</span> 
     </span>
     <span class='ocr_line' id='line_1_21' title="bbox 189 3074 873 3182; baseline -0.001 -27"><span class='ocrx_word' id='word_1_169' title='bbox 189 3076 356 3182; x_wconf 78' lang='lat' dir='ltr'>virginis</span> <span class='ocrx_word' id='word_1_170' title='bbox 391 3074 515 3156; x_wconf 86' lang='lat' dir='ltr'>llarie</span> <span class='ocrx_word' id='word_1_171' title='bbox 548 3075 754 3180; x_wconf 85' lang='lat' dir='ltr'>genitricis</span> <span class='ocrx_word' id='word_1_172' title='bbox 787 3103 873 3155; x_wconf 81' lang='lat' dir='ltr'>sue.</span> 
     </span>
    </p>

    <p class='ocr_par' dir='ltr' id='par_1_3' title="bbox 188 3196 1595 4892">
     <span class='ocr_line' id='line_1_22' title="bbox 345 3196 1592 3297; baseline 0.001 -20"><span class='ocrx_word' id='word_1_173' title='bbox 345 3197 434 3278; x_wconf 91' lang='lat' dir='ltr'>Hoc</span> <span class='ocrx_word' id='word_1_174' title='bbox 467 3196 575 3278; x_wconf 81' lang='lat' dir='ltr'>(licto</span> <span class='ocrx_word' id='word_1_175' title='bbox 602 3211 733 3277; x_wconf 84' lang='lat' dir='ltr'>castra</span> <span class='ocrx_word' id='word_1_176' title='bbox 758 3210 990 3297; x_wconf 86' lang='lat' dir='ltr'>uumeruut,</span> <span class='ocrx_word' id='word_1_177' title='bbox 1025 3215 1065 3277; x_wconf 90' lang='lat' dir='ltr'>et</span> <span class='ocrx_word' id='word_1_178' title='bbox 1091 3197 1394 3280; x_wconf 83' lang='lat' dir='ltr'>‹lesceruleruut</span> <span class='ocrx_word' id='word_1_179' title='bbox 1422 3199 1461 3277; x_wconf 96' lang='lat' dir='ltr'>in</span> <span class='ocrx_word' id='word_1_180' title='bbox 1490 3197 1592 3278; x_wconf 90' lang='lat' dir='ltr'>allo·</span> 
     </span>
     <span class='ocr_line' id='line_1_23' title="bbox 188 3317 1591 3426; baseline 0 -28"><span class='ocrx_word' id='word_1_181' title='bbox 188 3321 255 3401; x_wconf 87' lang='lat' dir='ltr'>‹lio</span> <span class='ocrx_word' id='word_1_182' title='bbox 290 3319 400 3426; x_wconf 90' lang='lat' dir='ltr'>quod</span> <span class='ocrx_word' id='word_1_183' title='bbox 435 3319 584 3400; x_wconf 80' lang='lat' dir='ltr'>(licitur</span> <span class='ocrx_word' id='word_1_184' title='bbox 614 3319 810 3424; x_wconf 80' lang='lat' dir='ltr'>Zimgota.</span> <span class='ocrx_word' id='word_1_185' title='bbox 826 3317 852 3426; x_wconf 88' lang='lat'>¹)</span> <span class='ocrx_word' id='word_1_186' title='bbox 898 3319 1015 3400; x_wconf 81' lang='lat' dir='ltr'>llous</span> <span class='ocrx_word' id='word_1_187' title='bbox 1048 3335 1186 3400; x_wconf 87' lang='lat' dir='ltr'>autem</span> <span class='ocrx_word' id='word_1_188' title='bbox 1223 3320 1390 3426; x_wconf 89' lang='lat' dir='ltr'>quidam</span> <span class='ocrx_word' id='word_1_189' title='bbox 1423 3319 1591 3400; x_wconf 91' lang='lat' dir='ltr'>nornine</span> 
     </span>
     <span class='ocr_line' id='line_1_24' title="bbox 189 3441 1591 3548; baseline 0 -26"><span class='ocrx_word' id='word_1_190' title='bbox 189 3441 385 3522; x_wconf 84' lang='lat' dir='ltr'>llonororl</span> <span class='ocrx_word' id='word_1_191' title='bbox 421 3441 687 3522; x_wconf 86' lang='lat' dir='ltr'>interiacebat</span> <span class='ocrx_word' id='word_1_192' title='bbox 719 3442 961 3542; x_wconf 84' lang='lat' dir='ltr'>exercitum,</span> <span class='ocrx_word' id='word_1_193' title='bbox 996 3453 1037 3521; x_wconf 91' lang='lat' dir='ltr'>et</span> <span class='ocrx_word' id='word_1_194' title='bbox 1073 3441 1310 3523; x_wconf 83' lang='lat' dir='ltr'>lucescente</span> <span class='ocrx_word' id='word_1_195' title='bbox 1352 3441 1497 3548; x_wconf 91' lang='lat' dir='ltr'>quinta</span> <span class='ocrx_word' id='word_1_196' title='bbox 1531 3442 1591 3522; x_wconf 89' lang='lat' dir='ltr'>fe-</span> 
     </span>
     <span class='ocr_line' id='line_1_25' title="bbox 191 3563 1590 3671; baseline -0.001 -26"><span class='ocrx_word' id='word_1_197' title='bbox 191 3565 250 3645; x_wconf 90' lang='lat' dir='ltr'>ria</span> <span class='ocrx_word' id='word_1_198' title='bbox 282 3563 481 3644; x_wconf 88' lang='lat' dir='ltr'>uolebant</span> <span class='ocrx_word' id='word_1_199' title='bbox 513 3563 688 3670; x_wconf 87' lang='lat' dir='ltr'>preliari,</span> <span class='ocrx_word' id='word_1_200' title='bbox 726 3563 796 3644; x_wconf 79' lang='lat' dir='ltr'>secl</span> <span class='ocrx_word' id='word_1_201' title='bbox 839 3563 1082 3646; x_wconf 83' lang='lat' dir='ltr'>‹leusissima</span> <span class='ocrx_word' id='word_1_202' title='bbox 1123 3564 1351 3646; x_wconf 83' lang='lat' dir='ltr'>obscuritas</span> <span class='ocrx_word' id='word_1_203' title='bbox 1391 3589 1590 3671; x_wconf 89' lang='lat' dir='ltr'>superue-</span> 
     </span>
     <span class='ocr_line' id='line_1_26' title="bbox 189 3685 1591 3794; baseline 0.001 -30"><span class='ocrx_word' id='word_1_204' title='bbox 189 3685 340 3768; x_wconf 87' lang='lat' dir='ltr'>nientis</span> <span class='ocrx_word' id='word_1_205' title='bbox 374 3685 524 3766; x_wconf 88' lang='lat' dir='ltr'>nebule</span> <span class='ocrx_word' id='word_1_206' title='bbox 559 3713 628 3764; x_wconf 85' lang='lat' dir='ltr'>eos</span> <span class='ocrx_word' id='word_1_207' title='bbox 663 3685 889 3792; x_wconf 76' lang='lat' dir='ltr'>imperliuit.</span> <span class='ocrx_word' id='word_1_208' title='bbox 932 3685 1058 3764; x_wconf 81' lang='lat' dir='ltr'>Nocte</span> <span class='ocrx_word' id='word_1_209' title='bbox 1093 3711 1187 3765; x_wconf 87' lang='lat' dir='ltr'>rcro</span> <span class='ocrx_word' id='word_1_210' title='bbox 1223 3685 1455 3794; x_wconf 87' lang='lat' dir='ltr'>insequenti</span> <span class='ocrx_word' id='word_1_211' title='bbox 1488 3686 1591 3766; x_wconf 83' lang='lat' dir='ltr'>(lex-</span> 
     </span>
     <span class='ocr_line' id='line_1_27' title="bbox 191 3806 1592 3913; baseline 0.002 -25"><span class='ocrx_word' id='word_1_212' title='bbox 191 3807 334 3890; x_wconf 85' lang='lat' dir='ltr'>trarios</span> <span class='ocrx_word' id='word_1_213' title='bbox 367 3834 463 3888; x_wconf 83' lang='lat' dir='ltr'>suos</span> <span class='ocrx_word' id='word_1_214' title='bbox 496 3835 569 3913; x_wconf 91' lang='lat' dir='ltr'>per</span> <span class='ocrx_word' id='word_1_215' title='bbox 602 3806 784 3888; x_wconf 81' lang='lat' dir='ltr'>habenas</span> <span class='ocrx_word' id='word_1_216' title='bbox 814 3807 851 3886; x_wconf 92' lang='lat' dir='ltr'>in</span> <span class='ocrx_word' id='word_1_217' title='bbox 881 3808 1071 3888; x_wconf 88' lang='lat' dir='ltr'>manibus</span> <span class='ocrx_word' id='word_1_218' title='bbox 1100 3820 1298 3909; x_wconf 85' lang='lat' dir='ltr'>tenentes,</span> <span class='ocrx_word' id='word_1_219' title='bbox 1332 3823 1466 3890; x_wconf 92' lang='lat' dir='ltr'>ortum</span> <span class='ocrx_word' id='word_1_220' title='bbox 1496 3808 1592 3891; x_wconf 89' lang='lat' dir='ltr'>solis</span> 
     </span>
     <span class='ocr_line' id='line_1_28' title="bbox 192 3928 1592 4038; baseline 0.001 -28"><span class='ocrx_word' id='word_1_221' title='bbox 192 3929 535 4038; x_wconf 87' lang='lat' dir='ltr'>prestolabantur.</span> <span class='ocrx_word' id='word_1_222' title='bbox 570 3929 615 4009; x_wconf 93' lang='lat' dir='ltr'>lu</span> <span class='ocrx_word' id='word_1_223' title='bbox 657 3928 839 4012; x_wconf 83' lang='lat' dir='ltr'>diluculo</span> <span class='ocrx_word' id='word_1_224' title='bbox 880 3943 1018 4011; x_wconf 85' lang='lat' dir='ltr'>autem</span> <span class='ocrx_word' id='word_1_225' title='bbox 1062 3943 1180 4010; x_wconf 80' lang='lat' dir='ltr'>sexte</span> <span class='ocrx_word' id='word_1_226' title='bbox 1221 3930 1319 4011; x_wconf 79' lang='lat' dir='ltr'>ferie</span> <span class='ocrx_word' id='word_1_227' title='bbox 1362 3959 1435 4012; x_wconf 81' lang='lat' dir='ltr'>rex</span> <span class='ocrx_word' id='word_1_228' title='bbox 1485 3931 1592 4012; x_wconf 91' lang='lat' dir='ltr'>ordi-</span> 
     </span>
     <span class='ocr_line' id='line_1_29' title="bbox 191 4050 1592 4158; baseline 0.001 -26"><span class='ocrx_word' id='word_1_229' title='bbox 191 4052 297 4134; x_wconf 90' lang='lat' dir='ltr'>natis</span> <span class='ocrx_word' id='word_1_230' title='bbox 331 4050 564 4156; x_wconf 84' lang='lat' dir='ltr'>agminibus</span> <span class='ocrx_word' id='word_1_231' title='bbox 597 4051 694 4153; x_wconf 81' lang='lat' dir='ltr'>suis,</span> <span class='ocrx_word' id='word_1_232' title='bbox 729 4051 930 4158; x_wconf 88' lang='lat' dir='ltr'>equitauit</span> <span class='ocrx_word' id='word_1_233' title='bbox 962 4067 1073 4134; x_wconf 88' lang='lat' dir='ltr'>trans</span> <span class='ocrx_word' id='word_1_234' title='bbox 1106 4052 1302 4133; x_wconf 84' lang='lat' dir='ltr'>uerticem</span> <span class='ocrx_word' id='word_1_235' title='bbox 1330 4053 1479 4134; x_wconf 90' lang='lat' dir='ltr'>montis</span> <span class='ocrx_word' id='word_1_236' title='bbox 1505 4051 1592 4133; x_wconf 86' lang='lat' dir='ltr'>Mo-</span> 
     </span>
     <span class='ocr_line' id='line_1_30' title="bbox 193 4173 1592 4282; baseline 0.001 -28"><span class='ocrx_word' id='word_1_237' title='bbox 193 4173 333 4274; x_wconf 90' lang='lat' dir='ltr'>norod,</span> <span class='ocrx_word' id='word_1_238' title='bbox 367 4187 407 4252; x_wconf 88' lang='lat' dir='ltr'>et</span> <span class='ocrx_word' id='word_1_239' title='bbox 441 4173 626 4282; x_wconf 87' lang='lat' dir='ltr'>precepit</span> <span class='ocrx_word' id='word_1_240' title='bbox 658 4173 857 4254; x_wconf 82' lang='lat' dir='ltr'>salmariis</span> <span class='ocrx_word' id='word_1_241' title='bbox 889 4187 936 4254; x_wconf 95' lang='lat' dir='ltr'>ut</span> <span class='ocrx_word' id='word_1_242' title='bbox 969 4174 1007 4254; x_wconf 94' lang='lat' dir='ltr'>iu</span> <span class='ocrx_word' id='word_1_243' title='bbox 1044 4174 1168 4254; x_wconf 90' lang='lat' dir='ltr'>latere</span> <span class='ocrx_word' id='word_1_244' title='bbox 1212 4174 1396 4256; x_wconf 87' lang='lat' dir='ltr'>eiusdem</span> <span class='ocrx_word' id='word_1_245' title='bbox 1440 4175 1592 4256; x_wconf 90' lang='lat' dir='ltr'>montis</span> 
     </span>
     <span class='ocr_line' id='line_1_31' title="bbox 193 4294 1591 4402; baseline 0.001 -26"><span class='ocrx_word' id='word_1_246' title='bbox 193 4311 465 4395; x_wconf 86' lang='lat' dir='ltr'>remanerent,</span> <span class='ocrx_word' id='word_1_247' title='bbox 499 4313 704 4402; x_wconf 82' lang='lat' dir='ltr'>quatenus</span> <span class='ocrx_word' id='word_1_248' title='bbox 739 4294 875 4376; x_wconf 85' lang='lat' dir='ltr'>hostes</span> <span class='ocrx_word' id='word_1_249' title='bbox 909 4295 1097 4376; x_wconf 83' lang='lat' dir='ltr'>uidentes</span> <span class='ocrx_word' id='word_1_250' title='bbox 1124 4309 1279 4377; x_wconf 87' lang='lat' dir='ltr'>turmas</span> <span class='ocrx_word' id='word_1_251' title='bbox 1306 4296 1482 4394; x_wconf 91' lang='lat' dir='ltr'>illorum,</span> <span class='ocrx_word' id='word_1_252' title='bbox 1509 4323 1591 4378; x_wconf 90' lang='lat' dir='ltr'>non</span> 
     </span>
     <span class='ocr_line' id='line_1_32' title="bbox 193 4416 1590 4526; baseline -0.003 -26"><span class='ocrx_word' id='word_1_253' title='bbox 193 4417 384 4519; x_wconf 86' lang='lat' dir='ltr'>sarcinas,</span> <span class='ocrx_word' id='word_1_254' title='bbox 434 4418 504 4498; x_wconf 88' lang='lat' dir='ltr'>sed</span> <span class='ocrx_word' id='word_1_255' title='bbox 550 4417 589 4497; x_wconf 92' lang='lat' dir='ltr'>iu</span> <span class='ocrx_word' id='word_1_256' title='bbox 635 4417 810 4524; x_wconf 83' lang='lat' dir='ltr'>presidio</span> <span class='ocrx_word' id='word_1_257' title='bbox 852 4419 1095 4502; x_wconf 86' lang='lat' dir='ltr'>constitutos</span> <span class='ocrx_word' id='word_1_258' title='bbox 1139 4448 1227 4499; x_wconf 82' lang='lat' dir='ltr'>csse</span> <span class='ocrx_word' id='word_1_259' title='bbox 1260 4431 1466 4526; x_wconf 86' lang='lat' dir='ltr'>putarent.</span> <span class='ocrx_word' id='word_1_260' title='bbox 1501 4416 1590 4525; x_wconf 78' lang='lat' dir='ltr'>Vyrl</span> 
     </span>
     <span class='ocr_line' id='line_1_33' title="bbox 195 4537 1592 4623; baseline -0.001 -3"><span class='ocrx_word' id='word_1_261' title='bbox 195 4553 332 4621; x_wconf 90' lang='lat' dir='ltr'>autem</span> <span class='ocrx_word' id='word_1_262' title='bbox 367 4539 550 4620; x_wconf 87' lang='lat' dir='ltr'>dicebat:</span> <span class='ocrx_word' id='word_1_263' title='bbox 585 4537 727 4620; x_wconf 84' lang='lat' dir='ltr'>Statim</span> <span class='ocrx_word' id='word_1_264' title='bbox 763 4553 808 4620; x_wconf 92' lang='lat' dir='ltr'>ut</span> <span class='ocrx_word' id='word_1_265' title='bbox 841 4540 1069 4621; x_wconf 83' lang='lat' dir='ltr'>exercitum</span> <span class='ocrx_word' id='word_1_266' title='bbox 1105 4557 1290 4622; x_wconf 87' lang='lat' dir='ltr'>nostrum</span> <span class='ocrx_word' id='word_1_267' title='bbox 1325 4541 1503 4623; x_wconf 84' lang='lat' dir='ltr'>uiderint</span> <span class='ocrx_word' id='word_1_268' title='bbox 1528 4543 1592 4621; x_wconf 84' lang='lat' dir='ltr'>lir-</span> 
     </span>
     <span class='ocr_line' id='line_1_34' title="bbox 194 4659 1593 4766; baseline 0.001 -25"><span class='ocrx_word' id='word_1_269' title='bbox 194 4661 313 4766; x_wconf 81' lang='lat' dir='ltr'>gient.</span> <span class='ocrx_word' id='word_1_270' title='bbox 351 4659 431 4741; x_wconf 84' lang='lat' dir='ltr'>Sed</span> <span class='ocrx_word' id='word_1_271' title='bbox 466 4673 506 4741; x_wconf 87' lang='lat' dir='ltr'>et</span> <span class='ocrx_word' id='word_1_272' title='bbox 538 4662 664 4742; x_wconf 74' lang='lat' dir='ltr'>(luces</span> <span class='ocrx_word' id='word_1_273' title='bbox 698 4689 862 4743; x_wconf 89' lang='lat' dir='ltr'>summo</span> <span class='ocrx_word' id='word_1_274' title='bbox 884 4689 1005 4744; x_wconf 91' lang='lat' dir='ltr'>manc</span> <span class='ocrx_word' id='word_1_275' title='bbox 1034 4689 1129 4743; x_wconf 88' lang='lat' dir='ltr'>suas</span> <span class='ocrx_word' id='word_1_276' title='bbox 1152 4663 1261 4742; x_wconf 89' lang='lat' dir='ltr'>acies</span> <span class='ocrx_word' id='word_1_277' title='bbox 1287 4662 1593 4744; x_wconf 89' lang='lat' dir='ltr'>ordinauerunt.</span> 
     </span>
     <span class='ocr_line' id='line_1_35' title="bbox 196 4781 1595 4892; baseline 0.001 -28"><span class='ocrx_word' id='word_1_278' title='bbox 196 4781 385 4892; x_wconf 87' lang='lat' dir='ltr'>Cumque</span> <span class='ocrx_word' id='word_1_279' title='bbox 435 4783 648 4866; x_wconf 89' lang='lat' dir='ltr'>Ladizlaus</span> <span class='ocrx_word' id='word_1_280' title='bbox 690 4813 734 4864; x_wconf 88' lang='lat' dir='ltr'>se</span> <span class='ocrx_word' id='word_1_281' title='bbox 776 4799 953 4866; x_wconf 88' lang='lat' dir='ltr'>armaret</span> <span class='ocrx_word' id='word_1_282' title='bbox 993 4783 1032 4863; x_wconf 94' lang='lat' dir='ltr'>in</span> <span class='ocrx_word' id='word_1_283' title='bbox 1078 4795 1226 4864; x_wconf 87' lang='lat' dir='ltr'>terram</span> <span class='ocrx_word' id='word_1_284' title='bbox 1276 4811 1321 4864; x_wconf 91' lang='lat' dir='ltr'>se</span> <span class='ocrx_word' id='word_1_285' title='bbox 1363 4783 1595 4891; x_wconf 84' lang='lat' dir='ltr'>prostrauit,</span> 
     </span>
    </p>
   </div>
   <div class='ocr_carea' id='block_1_3' title="bbox 196 4965 401 4983">
    <p class='ocr_par' dir='ltr' id='par_1_4' title="bbox 196 4965 401 4983">
     <span class='ocr_line' id='line_1_36' title="bbox 196 4965 401 4983; baseline 0.01 -2"><span class='ocrx_word' id='word_1_286' title='bbox 196 4965 401 4983; x_wconf 58' lang='lat' dir='ltr'><em>——A—-</em></span> 
     </span>
    </p>
   </div>
   <div class='ocr_carea' id='block_1_4' title="bbox 302 5036 522 5142">
    <p class='ocr_par' dir='ltr' id='par_1_5' title="bbox 302 5036 522 5142">
     <span class='ocr_line' id='line_1_37' title="bbox 302 5036 522 5142; baseline 0 -26"><span class='ocrx_word' id='word_1_287' title='bbox 302 5036 327 5142; x_wconf 88' lang='lat'>¹)</span> <span class='ocrx_word' id='word_1_288' title='bbox 356 5044 522 5138; x_wconf 83' lang='lat' dir='ltr'>Zyngola.</span> 
     </span>
    </p>
   </div>
   <div class='ocr_carea' id='block_1_5' title="bbox 0 0 1961 5758">
    <p class='ocr_par' dir='ltr' id='par_1_6' title="bbox 0 0 1961 5758">
     <span class='ocr_line' id='line_1_38' title="bbox 0 0 1961 5758; baseline 0 0"><span class='ocrx_word' id='word_1_289' title='bbox 0 0 1961 5758; x_wconf 95' lang='lat' dir='ltr'> </span> 
     </span>
    </p>
   </div>
  </div>
 </body>
</html>
