3900 5762
842 558 883 646 lt

782 673 937 680 μ.-

166 813 222 882 est
253 795 388 881 dictus
422 797 674 908 capitaneus.
721 797 798 878 Hic
831 796 939 877 circa
968 793 1054 902 Nyr
1085 792 1297 898 habitauit,
1335 794 1458 878 huius
1489 790 1561 876 filii

165 920 285 1006 Cusid
319 935 360 1001 et
392 921 552 1029 Cupian
585 933 682 1003 sunt
712 919 859 1001 vocati.
890 918 963 999 Lel
996 943 1091 1023 ergo
1109 918 1316 1000 exercitus
1334 917 1442 1000 sexti
1459 917 1560 998 duc·

164 1057 221 1123 tor
253 1045 398 1124 fuerat.
430 1044 511 1128 lste
545 1043 652 1123 eirea
684 1037 933 1148 Golgoelra¹)
952 1040 1140 1147 primitus
1174 1040 1374 1143 habitans,
1409 1039 1560 1120 exinde
1624 1116 1630 1124 .

164 1163 374 1248 llessianis
406 1179 446 1245 et
479 1165 642 1246 Boemis
675 1163 921 1271 exstirpatis
954 1161 1122 1243 tandem
1154 1162 1195 1241 in
1229 1161 1414 1269 partibus
1430 1161 1560 1243 Nitrie

163 1288 300 1394 sepius
331 1289 460 1370 fertur
492 1287 710 1369 habitasse.
743 1285 808 1366 Ex
841 1286 917 1367 isto
949 1285 1080 1366 Zuard
1114 1284 1242 1365 oritur
1258 1285 1388 1366 tribus
1408 1298 1448 1364 et
1466 1309 1561 1390 cog·

164 1409 283 1492 natio.
319 1407 491 1516 Septimi
525 1403 734 1516 quidem²)
768 1409 975 1488 exercitus
992 1405 1250 1487 Wcrbulchu
1277 1407 1363 1487 dux
1398 1419 1460 1488 est
1476 1405 1561 1486 dic·

163 1545 237 1614 tus.
273 1530 351 1612 Hic
383 1531 424 1612 in
455 1531 551 1612 Zala
584 1531 690 1611 circa
721 1531 860 1612 lacum
890 1524 1125 1635 Bolotum³)
1173 1529 1436 1610 descendisse
1468 1555 1561 1636 per·

163 1653 336 1735 hibetur.
370 1653 444 1734 Pro
479 1679 527 1733 eo
561 1652 671 1733 enim
705 1651 959 1733 Werbnlclm
994 1664 1056 1732 est
1086 1665 1269 1753 vocatus,
1319 1651 1390 1758 qui
1423 1645 1560 1756 cum⁴)

163 1801 263 1858 auus
297 1776 386 1857 eius
419 1775 459 1854 in
492 1775 621 1882 prelio
635 1773 873 1855 Crimildino
907 1800 980 1881 per
1010 1773 1258 1854 Teutonicos
1274 1773 1421 1856 fuisset
1436 1774 1562 1854 inter·

162 1897 305 1998 fectus²
339 1911 381 1977 et
411 1896 451 1976 id
486 1897 521 1976 ei
554 1921 627 2004 pro
661 1910 771 1978 certo
805 1895 1063 1998 constitisset
1082 1896 1225 1977 volens
1257 1895 1440 2003 recipere
1472 1895 1562 1976 vin·

164 2020 311 2100 dictam
346 2045 472 2126 super
503 2044 585 2118 eos,
629 2020 768 2125 plures
811 2013 1119 2123 Germanicos⁵)
1152 2018 1279 2099 assari
1309 2018 1407 2098 fecit
1438 2045 1564 2124 super

164 2168 274 2240 rem,
309 2153 350 2220 et
381 2155 495 2221 tanta
527 2140 768 2222 erudelitate
800 2141 842 2220 in
876 2166 945 2222 eos
979 2135 1168 2246 diciturl)
1203 2139 1417 2242 exarsisse,
1451 2139 1563 2245 qnod

164 2261 421 2369 quorundam
456 2289 623 2370 quoque
656 2263 899 2368 sanguinem
932 2262 1037 2344 bibit
1069 2262 1175 2343 sicut
1208 2261 1362 2343 vinum.
1383 2261 1453 2344 Isti
1472 2262 1562 2370 qui-

164 2385 254 2465 dem
290 2384 493 2492 capitanei
526 2385 617 2465 loca
648 2386 980 2492 descensumque
1012 2397 1059 2465 ut
1090 2384 1279 2492 superius
1313 2397 1375 2466 est
1407 2384 1563 2467 dictum

163 2506 236 2588 sibi
270 2506 495 2610 elegerunt.
529 2505 723 2588 Similiter
755 2521 796 2588 et
827 2505 1111 2612 generationes
1159 2507 1237 2589 alie
1279 2507 1352 2590 ubi
1385 2507 1442 2588 eis
1474 2507 1564 2614 pla-

163 2629 246 2711 cuit
278 2628 489 2734 eligentes.

319 2749 387 2831 20.
421 2747 526 2832 Cum
559 2763 699 2831 antem
733 2751 980 2833 resedissent
1011 2750 1222 2832 Pannonia
1239 2763 1452 2860 occupata,
1475 2763 1564 2833 tan·

162 2872 256 2953 dem
304 2871 530 2954 lllorauiam
566 2887 607 2952 ct
654 2873 865 2954 boemiam
914 2873 1034 2955 bonis
1082 2873 1274 2956 omnibus
1323 2874 1563 2981 spoliarunt,

164 2993 402 3076 ll'aratislao
436 3021 578 3077 corum
611 2995 716 3076 duce
749 2995 788 3075 in
824 2996 951 3102 prelio
984 2994 1211 3076 interfecto,
1242 2994 1339 3077 Post
1355 2996 1434 3077 hoc
1465 3023 1563 3078 vero

163 3115 411 3198 Carintlriam
446 3117 645 3200 hostiliter
676 3118 877 3198 adeuntes
909 3118 1015 3198 ultra
1049 3131 1229 3199 castrum
1261 3118 1442 3226 Leopah‚
1476 3117 1564 3198 Me·

163 3239 273 3320 ranie
320 3239 406 3320 dux
456 3240 664 3320 (letfridus
716 3240 896 3341 nomine,
945 3240 1117 3346 duxque
1158 3238 1420 3321 Eberhardus
1468 3266 1565 3321 cum

162 3361 444 3468 Aquilegiensi
476 3351 703 3468 patriarcba
739 3362 835 3468 ipsis
869 3375 1130 3443 occurrentes
1172 3363 1362 3443 atrociter
1397 3361 1564 3444 insimul

163 3499 463 3590 pugnauerunt.
500 3483 549 3564 Et
581 3485 773 3591 quamuis
808 3512 861 3564 ex
893 3483 1098 3589 Hungaris
1131 3486 1270 3592 plures
1304 3484 1563 3586 corruissent,

163 3603 201 3684 in
235 3606 361 3712 prelio
395 3621 621 3686 memorato
657 3606 818 3711 utrique
860 3606 987 3687 duces
1031 3607 1286 3708 occiduntur,
1336 3606 1566 3714 patriarcba

163 3753 236 3832 per
268 3729 403 3832 fugam
437 3728 621 3811 liberato.
659 3728 821 3808 Abinde
855 3730 1029 3835 spoliata
1062 3726 1241 3808 Carintia
1273 3727 1392 3810 Stiria
1409 3740 1450 3809 et
1466 3727 1564 3810 Car·

163 3847 284 3928 niolia
317 3877 412 3930 cum
446 3850 629 3929 maxima
662 3851 790 3956 preda
823 3851 863 3930 in
886 3850 1137 3931 Pannoniam
1156 3863 1432 3932 reuertuntur.
1455 3849 1563 3932 Con·

162 3970 284 4052 radus
316 3998 412 4052 vero
445 3972 666 4078 imperator
700 3985 744 4053 ut
787 3973 945 4053 audiuit
991 3973 1345 4054 latrocinationem
1357 3967 1386 4080 ⁷)
1432 3973 1564 4078 gentis

162 4119 249 4194 sue,
282 4093 424 4175 exiens
457 4093 508 4172 de
540 4093 657 4174 ltalia
689 4094 856 4175 intrauit
889 4096 1120 4199 Augustam
1153 4094 1305 4177 Sucuie
1340 4095 1563 4198 ciuitatem,

161 4227 208 4294 nt
240 4215 389 4296 exinde
422 4215 462 4296 in
497 4213 749 4321 Hungariam
783 4216 965 4296 introiret
996 4217 1213 4322 Hungaros
1231 4218 1463 4300 inuasurus.
1481 4215 1564 4298 Sed

162 4335 316 4419 interea
350 4337 477 4418 llome
510 4338 667 4420 bellum
699 4351 918 4443 generatur
950 4338 1202 4442 intestinum,
1253 4353 1294 4420 et
1326 4337 1451 4422 Cesar
1482 4339 1562 4419 Ro·

163 4484 274 4538 mam
305 4459 421 4539 redit.
453 4460 569 4540 Tunc
602 4459 785 4565 Hnngari
819 4473 1021 4541 exeuntes
1054 4461 1207 4541 intrant
1239 4461 1280 4541 in
1313 4461 1561 4566 Bulgariam‚

164 4609 216 4660 ex
254 4607 331 4686 qua
363 4596 550 4662 armenta
583 4595 622 4661 et
656 4583 841 4689 captiuos
860 4583 1084 4663 extrahunt
1102 4582 1308 4684 infinitos3
1341 4584 1562 4666 redeuntes

162 4700 327 4784 tandem
376 4733 473 4784 eum
517 4703 683 4784 victoria
731 4705 772 4784 in
805 4705 1070 4784 Pannoniam.
1119 4704 1322 4813 'l'empore
1351 4706 1450 4787 item
1483 4705 1562 4787 alio

274 4979 296 5080 ι)
324 4984 505 5078 Golgotha.
536 4977 563 5080 ²)
593 4982 770 5075 siqnidem.
802 4977 829 5078 ³)
859 4981 1019 5054 Bolotim.
1050 4977 1078 5072 ⁴)
1098 4981 1213 5056 Editio
1242 4983 1342 5056 Cun.
1374 4981 1559 5076 quasiper·

163 5101 249 5160 sona
277 5093 374 5162 esset.
406 5081 434 5186 ⁵)
464 5089 661 5161 Germanos.
696 5089 722 5184 ¹³)
751 5086 875 5160 dicitur
903 5085 938 5158 in
967 5109 1035 5158 eos
1069 5081 1096 5186 7)
1124 5086 1376 5162 lacerationem.

1425 5222 1458 5276 10
