3896 5758
817 475 971 578 ffl—

192 691 337 776 habuit
369 692 499 776 filium
534 689 781 800 Stephanae,
816 719 941 800 quem
978 691 1186 774 Andream
1231 690 1402 775 uocauit
1433 691 1599 776 nomine

193 818 318 925 patris
352 818 427 900 sui.
471 815 551 912 Qui
583 815 769 897 Andreas
810 815 964 896 auxilio
1006 832 1047 895 et
1083 814 1252 897 consilio
1294 817 1597 899 auunculorum

194 965 375 1042 suorum,
409 940 481 1046 qui
514 951 630 1018 erant
660 937 913 1020 infinitarum
955 937 1211 1040 diuiciarum,
1255 939 1425 1020 uiuente
1463 939 1600 1022 adbuc

192 1089 285 1166 rege
319 1060 508 1142 Ladizlao
541 1059 581 1140 in
614 1059 867 1165 Hungariam
894 1059 1155 1161 subintrauit,
1177 1086 1224 1140 eo
1243 1061 1355 1167 quod
1373 1073 1481 1144 esset
1498 1062 1598 1167 dux,

193 1186 262 1291 qui
295 1184 466 1265 deberet
498 1183 650 1263 babere
683 1182 914 1289 portionem
946 1183 988 1263 in
1014 1208 1140 1288 regno
1158 1183 1263 1288 regis
1283 1182 1460 1289 Andme,
1479 1184 1599 1267 titulo

192 1307 257 1387 aui
291 1305 366 1388 sui.
405 1304 508 1387 Cum
543 1317 683 1386 autem
716 1331 789 1385 rex
822 1304 1037 1386 ladizlaus
1078 1305 1225 1387 fuisset
1264 1306 1436 1409 occisus,
1470 1333 1495 1387 a
1525 1307 1598 1388 ba·

191 1429 360 1510 ronibus
392 1428 507 1534 regni
543 1427 727 1508 Andreas
760 1425 848 1508 dux
880 1427 1053 1508 feliciter
1095 1440 1324 1508 coronatur.
1375 1425 1454 1523 Qui
1487 1455 1596 1510 anno

191 1550 374 1632 secundo
406 1550 521 1654 regni
554 1549 617 1630 sui
651 1577 746 1630 cum
780 1549 965 1646 exercitu
999 1548 1183 1629 maximo
1218 1550 1425 1631 Austriam
1454 1549 1598 1633 debel-

193 1668 345 1779 lauit.¹)
379 1673 425 1752 ln
459 1671 576 1752 cuius
608 1670 781 1778 imperio
826 1670 992 1777 quidam
1036 1670 1196 1752 nobiles
1240 1672 1354 1776 regni
1392 1672 1619 1755 lohannes·

192 1795 347 1875 scilicet
390 1807 431 1874 et
472 1793 666 1874 Herricus
714 1793 847 1874 banus
890 1792 961 1873 filii
998 1791 1156 1874 Herrici
1193 1817 1241 1874 ac
1273 1791 1451 1898 Vgrinus
1490 1794 1598 1878 filius

195 1916 332 1998 Pouch
365 1915 417 1997 de
451 1915 580 2022 Vylao
612 1913 764 2022 aliique
808 1914 1077 2022 quamplures
1110 1915 1151 1995 in
1184 1915 1458 2022 preiudicium
1492 1917 1597 2023 regis

194 2038 358 2120 Andrce
391 2065 416 2119 a
447 2063 556 2145 papa
590 2037 811 2140 Bonifacio
832 2035 973 2155 VIII-o
1007 2063 1144 2142 regem
1179 2038 1399 2145 petierunt.

191 2333 419 2416 LXXXIX.
465 2330 569 2410 Rex
612 2328 816 2410 Karoluo
855 2327 1038 2432 adhud)
1083 2328 1296 2432 existens,
1333 2330 1381 2411 ln
1406 2330 1598 2435 Hungu-

191 2469 339 2564 riano
367 2469 426 2551 de
445 2470 642 2573 Neapoli
655 2491 739 2573 per
753 2469 979 2573 quosdam
995 2468 1194 2551 barones
1208 2469 1343 2574 regni
1356 2469 1598 2574 Eungerie

739 2608 1059 2690 introducimur.

345 2858 532 2954 Quorum
566 2860 802 2941 instantiam
837 2885 946 2966 papa
979 2859 1213 2959 admittens,
1247 2858 1458 2966 quendam
1490 2886 1596 2967 pue·

190 3009 279 3062 rum
330 2982 388 3062 Xl
430 3008 633 3063 annornm
678 2981 844 3062 nomine
882 2981 1079 3064 Karolum
1122 3007 1230 3062 anno
1272 2979 1399 3089 (132)
1441 2981 1597 3063 domini

190 3101 484 3185 llCCXCIXo
531 3104 703 3185 uiuente
745 3103 881 3185 adhuc
923 3104 1089 3185 Andrea
1131 3130 1227 3208 rege
1258 3103 1299 3185 in
1340 3101 1596 3207 Hungariam

190 3225 423 3308 destinauit.
457 3225 584 3336 (brius
617 3224 754 3307 Karoli
798 3227 1013 3331 generacio
1047 3238 1087 3306 et
1119 3225 1231 3330 origo
1263 3223 1335 3306 tali
1367 3223 1489 3304 modo
1525 3224 1596 3305 ba·

189 3349 322 3429 betur.
355 3346 442 3428 Rex
477 3345 713 3454 Stephanus
746 3348 914 3454 quintus
946 3347 1054 3430 filius
1088 3348 1185 3427 Bele
1203 3345 1337 3458 quarti
1353 3345 1460 3450 regis
1477 3344 1595 3427 Hun-

189 3470 298 3576 garie
332 3470 438 3550 inter
468 3469 569 3556 alias
600 3469 704 3551 filias
741 3469 886 3551 habuit
926 3496 1050 3551 unam
1097 3469 1264 3550 nomine
1307 3465 1477 3549 Mariam
1521 3494 1595 3549 uo-

190 3606 336 3694 catam,
385 3618 510 3699 quam
559 3591 713 3672 Karulo
761 3592 909 3672 claudo
949 3592 1032 3673 filio
1076 3590 1215 3672 Karuli
1251 3590 1401 3695 magni,
1435 3589 1593 3696 quiex

191 3713 418 3795 donacione
452 3714 624 3794 ecclesie
656 3713 734 3794 fuit
766 3741 838 3793 rex
871 3712 1032 3822 Sycilie‚
1076 3712 1297 3794 tradiderat
1331 3712 1369 3792 in
1405 3736 1594 3794 uxorem.

191 3833 268 3930 Qui
302 3863 374 3916 rex
410 3835 580 3917 Carolus
613 3836 786 3917 claudus
820 3863 872 3914 ex
906 3835 975 3916 illa
1006 3835 1088 3916 filia
1116 3833 1315 3941 Stephani
1331 3833 1436 3939 regis
1453 3833 1596 3938 genuit

193 3957 384 4039 Carolum
427 3956 662 4039 Martcllum
706 3957 886 4038 nomine.
935 3957 1106 4038 Carolus
1147 3982 1245 4038 vero
1287 3954 1499 4038 Martellus
1541 3983 1594 4037 ex

191 4079 272 4160 filia
304 4080 561 4187 imperatoris
595 4078 796 4186 Rodolplri
830 4079 1062 4160 Clementia
1093 4078 1261 4159 nomine
1293 4077 1436 4184 genuit
1451 4077 1595 4180 filium,

193 4227 316 4308 quem
350 4201 480 4308 primo
514 4200 555 4281 in
590 4214 695 4281 terra
736 4227 811 4283 sua
851 4215 1110 4283 uocauerunt
1152 4199 1435 4299 (lambertum,
1477 4200 1596 4306 quasi

192 4321 382 4405 Carolum
416 4323 655 4405 Robertum.
698 4325 743 4404 ln
787 4322 998 4428 Hungaria
1040 4335 1181 4404 autem
1225 4321 1363 4403 ablato
1404 4319 1594 4426 Robert0,

193 4495 397 4505 --——--.-—

296 4568 323 4656 ¹)
353 4565 401 4639 ita
428 4565 623 4655 enormiter,
665 4566 753 4658 quod
791 4587 878 4638 unus
916 4565 1113 4639 teutonicus
1149 4566 1324 4638 emebatur
1351 4585 1413 4657 pro
1442 4561 1592 4636 denario.

191 4669 277 4742 Nam
304 4668 338 4742 in
367 4669 477 4762 primo
505 4693 593 4743 anno
614 4671 710 4762 regni
738 4670 791 4742 sui
819 4667 917 4742 duxit
945 4691 1086 4744 uxorem
1113 4669 1154 4742 de
1182 4666 1330 4762 polonia,
1361 4688 1425 4759 que
1454 4665 1591 4741 obiitin

193 4775 337 4848 aduentu
366 4773 504 4864 domini,
534 4798 622 4849 anno
642 4772 770 4849 domini
799 4774 1157 4848 Moonxxxxvr-o.
1185 4771 1593 4847 Ineodemautemanno

193 4881 268 4951 ante
305 4879 538 4953 ascensionem
576 4878 703 4952 domini
741 4878 840 4952 durdt
867 4878 902 4951 in
931 4901 1073 4952 uxorem
1109 4876 1215 4951 filiam
1244 4875 1339 4949 ducis
1367 4873 1521 4952 nostrie.
1551 4877 1592 4950 In

192 4981 285 5058 cuius
314 4982 395 5080 imp.
426 4986 489 5056 etc.
519 4983 594 5056 edd.
625 4981 667 5058 Α.
697 4978 724 5076 ²)
754 4983 882 5057 excidit
910 5005 996 5056 vox:
1026 5005 1120 5078 puer.
1152 4981 1180 5082 ³)
1209 4979 1397 5074 Hungaria.
1430 4982 1470 5054 T.
