3898 5752
843 665 998 765 —ees—

381 877 542 976 Quidum
578 881 706 961 dieunt
738 909 797 962 eos
830 885 939 962 inisse
971 910 1084 987 resque
1116 881 1170 960 uei
1200 882 1625 987 constantinenses

213 1015 368 1107 periure
405 1031 563 1083 eruereurn
602 1007 934 1110 ennstuntinepeiis
976 1004 1193 1083 heteneiiurn
1236 1033 1318 1082 erun
1363 1004 1521 1086 dolabro
1553 1033 1620 1085 suo

217 1125 401 1202 inuidisse.
434 1124 564 1204 XLII.
598 1121 667 1219 33,
706 1125 894 1207 10-11.

374 1277 578 1370 Capiteueus
606 1281 838 1374 hungarorum
867 1281 1002 1355 uouriue
1030 1281 1145 1373 Opuur
1174 1280 1276 1352 iussit
1303 1282 1439 1355 Beturrd
1467 1304 1542 1354 euru
1561 1283 1620 1356 do·

216 1400 312 1472 labro
342 1423 403 1474 sue
432 1423 575 1494 pergere
603 1407 722 1475 eontra
750 1407 885 1496 portum
921 1402 1027 1490 urbis,
1067 1423 1131 1494 que
1169 1403 1242 1474 erut
1279 1401 1465 1490 metallina,
1509 1408 1543 1475 et
1585 1404 1619 1477 iu

215 1527 316 1614 porta
344 1523 515 1596 declarare
545 1523 633 1597 vires
663 1548 742 1598 suas
770 1549 845 1600 euru
873 1526 1025 1598 delabro.
1047 1524 1195 1598 Veniens
1215 1527 1327 1597 auteur
1348 1547 1453 1617 usque
1473 1530 1618 1619 portam,

216 1645 321 1716 talem
348 1644 455 1718 ictum
482 1649 516 1718 et
544 1669 697 1720 eesuraru
726 1648 760 1720 iu
789 1646 865 1740 ipsa
892 1651 992 1740 portu
1019 1646 1143 1720 fecisse
1171 1646 1381 1738 perhibetur,
1412 1647 1500 1739 qued
1535 1671 1619 1741 puer

215 1789 383 1840 annerum
411 1768 560 1860 quinque
590 1793 650 1863 per
678 1770 788 1863 ipsuru
818 1771 967 1844 forumeu
998 1768 1091 1842 exire
1121 1772 1154 1840 et
1182 1768 1310 1841 intrare
1338 1769 1424 1842 sutis
1444 1771 1539 1863 large
1558 1793 1618 1863 po·

214 1887 351 1963 tuisset.
384 1891 444 1976 34,
475 1893 534 1964 37.

377 2033 512 2114 Omnes
549 2039 730 2114 erereinn
772 2040 849 2114 eius
884 2035 1080 2143 liquefacti
1109 2047 1301 2141 terniquunr
1335 2061 1423 2114 cern
1455 2066 1479 2116 n
1518 2037 1620 2142 faeie

213 2159 320 2260 innuis,
356 2161 392 2235 in
430 2183 495 2234 ure
533 2157 657 2263 qleeeiii
696 2161 907 2261 reresurrejrti
945 2169 1041 2235 errent.
1083 2155 1287 2236 XXXIV.
1321 2151 1390 2257 35,
1429 2157 1616 2236 10-11.

369 2309 506 2384 Bisseui
536 2310 712 2404 fugieruut
740 2336 760 2385 a
788 2309 873 2385 faeie
903 2310 1108 2398 Salomonis
1148 2309 1238 2384 sieut
1275 2309 1352 2384 fluit
1380 2332 1457 2384 cera
1484 2334 1504 2382 u
1532 2309 1617 2384 faeie

212 2427 316 2522 iguis,
346 2454 379 2523 p.
415 2435 474 2504 88.

371 2576 506 2654 Erine!
517 2605 524 2628 ‚
556 2581 788 2656 uenierunt
818 2603 950 2655 renunt
972 2575 1142 2683 fluuium
1175 2590 1208 2656 et
1238 2595 1395 2682 nequeunt
1418 2575 1618 2656 uetuerimne

212 2698 252 2772 in
285 2723 380 2775 ureu
414 2711 447 2776 et
476 2703 620 2803 seruitiis
653 2704 1008 2779 externeineueerunt.
1041 2699 1262 2778 Vniuersurn
1290 2726 1437 2806 queque
1460 2698 1618 2804 nullium

212 2821 392 2896 atrociter
423 2817 636 2927 (effluentes
670 2822 840 2900 eeeie'sius
876 2821 936 2900 dei
974 2821 1174 2900 errnieiiter·
1210 2824 1390 2899 intrantes
1429 2821 1617 2924 snelinue·

212 2953 312 3018 runt.
347 2940 440 3020 Inde
466 2969 539 3044 per·
570 2942 734 3047 ‹ebruptu
766 2947 1023 3022 senonensium
1053 2971 1127 3046 per
1137 2943 1301 3046 penedes
1317 2943 1617 3052 uliun'nosferre

209 3061 291 3140 sibi·
312 3066 415 3142 niune
448 3077 480 3143 et
507 3066 637 3170 eluelio
671 3079 912 3170 reperuerunt.
940 3066 1082 3144 Montes
1097 3092 1277 3143 senonum
1294 3064 1614 3160 treenseernleruut,

211 3197 243 3263 et
273 3205 445 3291 seyuseun
478 3201 654 3290 reperent
684 3191 882 3268 eiuitnteru.
926 3187 1073 3266 Deinde
1105 3190 1242 3292 eyressi
1275 3185 1487 3266 Taurinam
1520 3189 1614 3265 eini-

212 3319 322 3386 tulern
356 3308 673 3410 operientisse'rneun
709 3322 1032 3416 eupreyueueeruut.
1066 3309 1121 3387 Et
1145 3322 1350 3415 postquem
1376 3306 1537 3411 piuneun
1554 3333 1615 3386 re·

208 3432 356 3534 ¹en'ouern
391 3429 600 3508 lurnburdie
632 3444 868 3534 erspeeerunt,
902 3443 1016 3510 tutenn
1043 3457 1140 3534 pene
1172 3429 1323 3510 Ituiiune
1355 3427 1460 3508 borres
1492 3433 1614 3508 eueni·

211 3549 279 3628 ines
310 3548 527 3656 affluentem
561 3566 594 3631 et
625 3552 887 3634 enubereuetern
921 3557 1113 3632 eeneitutis
1144 3551 1313 3632 censitus
1344 3551 1613 3654 spoliuuernnt.

212 3671 358 3751 Deinde
381 3674 494 3782 felici
523 3679 684 3754 uietoriu
716 3677 886 3782 fruentes
919 3675 971 3754 eui
1007 3679 1175 3778 propriu
1210 3700 1328 3781 renna
1360 3687 1613 3754 reuertuntur.

210 3792 317 3873 LVI.
350 3795 421 3894 es,
458 3795 646 3875 11-21.

367 3947 501 4022 Abiude
529 3951 650 4023 Rhene
679 3953 917 4043 transpussate
947 3948 1257 4040 Lutlroringeusem
1285 3950 1443 4023 ducatum
1471 3947 1550 4042 igue
1580 3953 1614 4023 et

210 4071 324 4164 gladie
354 4075 586 4160 uastaueruut,
617 4071 676 4144 ubi
704 4072 793 4145 eires
822 4073 1013 4164 Struuburg
1041 4070 1075 4142 iu
1106 4071 1250 4164 quodum
1278 4071 1387 4163 prelio
1417 4071 1613 4145 Ekharduur

212 4193 331 4264 dureeur
358 4192 582 4286 Luthuriugie
611 4197 645 4266 et
674 4193 871 4266 Pertelduru
899 4194 1016 4266 dueeur
1043 4192 1233 4267 Barbuueie
1263 4192 1319 4284 qui
1349 4192 1379 4265 ei
1408 4197 1548 4266 venerat
1577 4193 1611 4265 iu

211 4312 378 4386 auxilium
419 4312 633 4406 eaptiuautes
675 4315 939 4388 deuoiluueruut.
983 4317 1253 4410 (Einhargeuuur
1281 4319 1383 4406 utque
1411 4314 1612 4388 Bertolduru

212 4435 313 4508 eluces
343 4458 456 4508 eururu
486 4437 753 4509 deuellaueruut.
784 4436 906 4529 Supra.
938 4461 996 4511 uu
1026 4441 1075 4530 3.)
1104 4439 1189 4512 iude
1214 4460 1293 4511 uere
1320 4435 1468 4512 Galliam
1486 4435 1610 4511 atroei-

211 4561 263 4631 ter
290 4557 497 4652 affligentes
527 4559 711 4632 crudeliter
740 4559 772 4631 iu
802 4559 979 4634 eeclesiam
1007 4559 1061 4632 dei
1090 4559 1274 4651 seuienteS,
1305 4604 1353 4614 —
1391 4560 1512 4634 deiude
1548 4581 1610 4652 per

210 4681 356 4774 obrupta
384 4680 553 4755 meusium
581 4682 829 4756 Seueueusiuur
858 4705 917 4776 per
944 4683 1089 4776 pupulos
1118 4682 1225 4756 eterni
1263 4683 1383 4758 ruurtis
1418 4683 1508 4757 riam
1541 4679 1608 4754 sibi

211 4803 326 4896 gladio
363 4803 558 4897 eperieutes
596 4810 814 4898 parauerunt.
850 4803 919 4878 Ubi
952 4804 1120 4898 siquidem
1160 4806 1325 4898 Segusa-ur
1361 4805 1609 4898 Taurinamque

212 4925 369 4998 ciuitates
398 4927 653 5016 destruxerunt,
689 4931 887 5021 ruentesque
916 4929 1068 5020 prefatus
1098 4928 1313 5021 teriora-ntes
1341 4930 1481 5021 pinnum
1509 4931 1608 5002 Lorn-

211 5046 326 5119 bardie
355 5069 432 5120 uum
458 5047 636 5138 uidissent,
668 5053 773 5122 tetum
802 5073 887 5143 pene
916 5050 1128 5143 prouinciam
1155 5049 1334 5124 eeneitatis
1363 5049 1520 5124 cursibus
1550 5075 1608 5124 ua·

210 5173 365 5258 stuuere;
396 5173 430 5242 et
459 5169 508 5243 ita
534 5171 576 5243 ad
604 5170 782 5266 proprium
810 5195 953 5267 reguum
981 5177 1213 5250 reuertuntur.
1243 5195 1277 5266 p.
1307 5173 1356 5245 35
1381 5175 1473 5248 -36.
