4024 5776
1076 411 1117 474 36

1019 501 1173 510 -ι-,-.

391 654 482 708 inm
517 624 670 727 audini,
706 625 796 705 ideo
829 624 880 706 ad
915 651 1082 732 presens
1116 652 1220 731 opus
1249 625 1426 706 seribere
1457 627 1460 729 Ι
1491 650 1570 706 non
1592 623 1800 733 proposui.

392 742 545 823 XLIII
572 743 642 823 De
669 742 837 822 nastris
864 741 1051 844 Zabrag
1077 765 1258 846 pasegu
1285 749 1332 822 et
1357 744 1508 823 vloou.

393 869 553 950 Bulsnn
585 869 669 949 lelu
703 882 744 949 et
774 868 928 949 botnnd
964 868 1059 947 hine
1093 871 1242 972 egrossi
1276 869 1423 951 siluam
1459 870 1800 975 qnoaliriturpn·

335 990 542 1095 lbtnrgoz
582 989 892 1091 descendentes,
936 991 1053 1071 iuxta
1096 991 1270 1071 llnnimn
1315 992 1436 1098 culpe
1480 1009 1611 1071 rastra
1657 991 1801 1070 metati

395 1129 502 1196 sunt.
532 1114 537 1218 Ι
566 1111 617 1192 Et
648 1113 817 1193 transito
850 1113 978 1193 fluuio
1011 1113 1080 1192 illo
1116 1141 1247 1219 usque
1280 1114 1329 1193 ad
1360 1113 1534 1194 lluuium
1570 1141 1672 1214 noua
1706 1141 1801 1218 per-

396 1247 612 1317 uenernnt.
643 1231 648 1342 Ι
676 1233 727 1314 Et
758 1235 927 1314 transito
967 1261 1067 1314 zoua
1102 1255 1281 1316 omnum
1324 1237 1471 1337 zalnap·
1514 1255 1724 1341 oeperunt.
1760 1249 1802 1314 ot

396 1357 491 1438 ltine
525 1349 766 1470 equitanltes
801 1369 979 1436 rastrum
1014 1364 1166 1464 proroga
1191 1373 1231 1437 nt
1249 1371 1427 1438 rastrum
1448 1359 1567 1437 rlrou
1587 1373 1801 1464 ruperunt.

396 1479 447 1560 Et
479 1478 574 1558 hino
608 1478 757 1582 egressi
788 1479 792 1588 Ι
822 1479 1049 1558 danubium
1087 1479 1124 1559 in
1161 1494 1278 1586 portu
1298 1481 1406 1584 greti
1431 1480 1801 1584 transnauigantm,

336 1603 436 1688 aoin
472 1600 628 1683 auriam
662 1600 779 1682 ducis
808 1599 814 1705 l
842 1601 966 1707 arpad
1004 1615 1295 1706 peruenerunt.
1331 1601 1521 1707 (lmnque
1557 1602 1638 1681 lolu
1672 1601 1802 1682 Bulsu

398 1737 438 1805 et
475 1722 627 1804 botond
664 1722 872 1828 ceterique
906 1717 1064 1835 milites
1097 1724 1183 1803 sani
1219 1739 1259 1804 ut.
1285 1724 1515 1804 implumes
1537 1752 1631 1804 rum
1652 1750 1804 1827 magna.

396 1845 569 1927 uictoria
599 1843 642 1924 in
675 1844 858 1926 seeundo
881 1870 989 1924 anno
1019 1846 1024 1950 Ι
1054 1845 1103 1925 ad
1128 1847 1277 1925 dinem
1296 1845 1420 1952 arpad
1441 1846 1595 1926 reuersi
1613 1846 1802 1946 fuissent,

396 1969 553 2050 factum
587 1979 649 2048 est
681 1966 878 2072 gaudium
913 1993 1108 2070 magnum
1140 1971 1144 2076 Ι
1176 1997 1248 2074 por
1273 1981 1400 2048 totam
1436 1969 1589 2048 ouriam
1614 1967 1742 2068 (lueis,
1762 1979 1804 2046 et

396 2092 585 2172 fecerunt
617 2087 857 2169 conuiuium
886 2115 1095 2193 magnum,
1115 2107 1155 2170 rt
1173 2119 1254 2196 epu
1267 2090 1459 2171 labantur
1476 2089 1641 2170 cottidie
1664 2091 1803 2196 splen-

338 2211 492 2296 25dide
526 2209 713 2316 hungarii
745 2237 830 2292 nna
862 2238 957 2291 eum
992 2211 1165 2294 diuersis
1199 2207 1456 2293 nationibus,
1477 2212 1529 2291 llt
1560 2212 1696 2292 nicine
1728 2239 1803 2292 na·

398 2335 531 2416 tiones
563 2332 779 2414 audientes
811 2333 990 2413 facinora
1024 2335 1134 2414 laeta
1166 2319 1321 2436 eruum,
1357 2329 1630 2448 oorrllnebant
1646 2334 1695 2414 ad
1725 2333 1803 2414 ‹lu-

400 2483 491 2538 oem
524 2455 664 2562 arpad,
699 2467 739 2536 et
770 2481 875 2562 pura
906 2455 986 2536 fide
1020 2457 1172 2537 subditi
1191 2456 1429 2538 seruiebant
1457 2458 1493 2537 ei
1523 2458 1527 2561 Ι
1557 2457 1635 2537 snb
1654 2483 1803 2559 magna

400 2603 509 2680 eura,
544 2588 584 2657 et
617 2577 781 2682 plurimi
815 2577 997 2685 hospites
1031 2579 1124 2659 laeti
1159 2594 1255 2660 sunt
1288 2579 1514 2660 domestici.

399 2694 547 2776 mv
573 2694 643 2774 Do
670 2693 824 2774 insula
851 2694 1097 2797 danubii.⁰)

400 2822 496 2904 Post
527 2820 604 2901 heo
635 2845 736 2902 nero
770 2849 957 2925 egressus
998 2823 1083 2903 dux
1122 2823 1260 2930 Arpad
1305 2823 1355 2902 de
1390 2823 1574 2929 partibus
1617 2822 1694 2902 illis
1731 2821 1803 2902 uni

400 2971 513 3025 nuno
547 2957 609 3026 est
642 2954 821 3023 castrum
851 2947 855 3049 Ι
886 2945 1058 3050 budrug,
1094 2960 1133 3024 et
1166 2945 1379 3026 descendit
1415 2945 1531 3024 iuxta
1574 2944 1802 3024 damrbium

342 3079 535 3173 30usque
568 3065 620 3146 ad
652 3065 830 3146 insulam
860 3067 864 3169 Ι
893 3093 1098 3170 magnam.
1141 3067 1190 3147 Et
1224 3079 1356 3148 rastra
1388 3067 1530 3146 metati
1563 3079 1661 3146 sunt
1690 3066 1806 3145 iuxta

401 3189 592 3290 insulam,
628 3200 669 3268 et
700 3187 786 3268 dux
821 3185 954 3294 arpad
996 3190 1143 3294 suique
1176 3189 1336 3270 nolnles
1378 3190 1574 3269 intrantes
1615 3187 1804 3286 insulam,

401 3312 493 3393 uisa
525 3309 731 3392 fertilitate
765 3322 805 3389 et
834 3310 838 3415 l
868 3311 1056 3391 ubertate
1074 3311 1182 3393 illius
1200 3312 1288 3410 loni,
1309 3339 1355 3392 ar
1380 3311 1658 3391 municionem
1677 3335 1806 3414 aqna·

403 3462 494 3515 rum
529 3431 711 3535 danubii,
746 3432 982 3513 dilexerunt
1010 3435 1014 3537 l
1044 3434 1181 3514 lurum
1218 3434 1323 3513 ultra
1366 3461 1489 3539 quam
1535 3432 1613 3512 dici
1659 3444 1806 3539 potest.

404 3555 456 3636 Et
488 3555 799 3652 omstituerunt,
833 3568 879 3634 nt
911 3554 1067 3635 ‹lnealis
1102 3572 1209 3635 osset
1238 3560 1242 3660 Ι
1274 3556 1417 3656 insula,
1446 3568 1486 3635 et
1517 3554 1806 3660 unnsquisque

276 3676 604 3758 xxm.1nobilinnr
640 3703 906 3785 personarunt
942 3704 1058 3757 ¹mam
1095 3678 1149 3758 ini
1183 3678 1352 3757 innuet
1381 3674 1385 3788 Ι
1416 3677 1569 3758 orniam
1591 3687 1631 3756 et
1647 3675 1803 3757 uillam.

406 3797 549 3880 Statim
594 3799 681 3879 dux
722 3799 860 3905 :lrpad
905 3800 1118 3880 eorrductis
1162 3800 1384 3880 artitiribus
1426 3799 1610 3905 puneepit
1638 3795 1642 3907 Ι
1671 3799 1807 3877 liuere

408 3921 590 4025 egregias
623 3921 767 4000 domos
801 3919 980 4022 (lueales,
1016 3935 1056 4001 et
1089 3951 1232 4001 (urmes
1266 3949 1395 4028 equos
1429 3915 1807 4030 mulslungitudine

407 4043 566 4124 dierum
599 4043 788 4146 fatigatos
822 4042 877 4122 ibi
904 4044 1157 4125 introductos
1191 4071 1358 4151 pascere
1393 4043 1589 4150 precepit,
1608 4059 1648 4123 et
1665 4067 1807 4146 agaso-

407 4166 539 4280 nibus
571 4166 656 4247 suis
690 4165 927 4280 magistrum
963 4167 1133 4272 pretulit
1168 4167 1375 4270 (piendam
1411 4193 1649 4266 ennianum,
1673 4163 1806 4243 uirum

374 4281 785 4402 5pn1den2tissinunn
819 4288 986 4368 nomine
1019 4289 1143 4394 seprl.
1176 4288 1226 4366 ln
1244 4301 1410 4394 propter
1427 4287 1550 4394 Sepel
1567 4287 1806 4392 magistrum

408 4437 634 4518 agasonum
668 4409 767 4490 inibi
796 4411 801 4510 Ι
831 4422 1073 4508 morantem,
1108 4427 1256 4490 irorata
1288 4422 1350 4490 est
1383 4411 1517 4491 insula
1549 4409 1616 4489 illa
1644 4407 1808 4488 nomino

409 4533 532 4642 Sepel
566 4559 697 4638 usqne
731 4531 772 4611 in
807 4531 1047 4612 luuliornnm
1083 4533 1204 4612 uum.
1235 4531 1239 4642 Ι
1271 4531 1365 4611 llnx
1401 4559 1499 4612 uero
1520 4531 1657 4638 Arpad
1681 4546 1721 4610 et
1745 4527 1808 4609 sui

410 4653 569 4736 nobiles
601 4668 917 4762 pennanserrmt
951 4653 1003 4736 ini
1039 4683 1131 4738 oum
1167 4655 1331 4738 tinnulis
1366 4668 1406 4736 et
1437 4651 1681 4774 fainulalms
1724 4649 1809 4732 suis

513 4909 548 5016 *)
577 4912 612 4986 in
639 4912 803 5016 margine.
