<?xml version="1.0" encoding="UTF-8"?>
<!DOCTYPE html PUBLIC "-//W3C//DTD XHTML 1.0 Transitional//EN"
    "http://www.w3.org/TR/xhtml1/DTD/xhtml1-transitional.dtd">
<html xmlns="http://www.w3.org/1999/xhtml" xml:lang="en" lang="en">
 <head>
  <title>
</title>
<meta http-equiv="Content-Type" content="text/html;charset=utf-8" />
  <meta name='ocr-system' content='tesseract 3.04.00' />
  <meta name='ocr-capabilities' content='ocr_page ocr_carea ocr_par ocr_line ocrx_word'/>
</head>
<body>
  <div class='ocr_page' id='page_1' title='image "./chronicahungaro00florgoog_0220.png"; bbox 0 0 3896 5758; ppageno 0'>
   <div class='ocr_carea' id='block_1_1' title="bbox 802 521 957 626">
    <p class='ocr_par' dir='ltr' id='par_1_1' title="bbox 802 521 957 626">
     <span class='ocr_line' id='line_1_1' title="bbox 802 521 957 626; baseline 0 -35"><span class='ocrx_word' id='word_1_1' title='bbox 802 521 957 626; x_wconf 56' lang='lat' dir='ltr'>-Q</span> 
     </span>
    </p>
   </div>
   <div class='ocr_carea' id='block_1_2' title="bbox 166 733 1581 4878">
    <p class='ocr_par' dir='ltr' id='par_1_2' title="bbox 173 733 1581 1700">
     <span class='ocr_line' id='line_1_2' title="bbox 174 733 1581 847; baseline 0.002 -30"><span class='ocrx_word' id='word_1_2' title='bbox 174 760 256 838; x_wconf 91' lang='lat' dir='ltr'>eos,</span> <span class='ocrx_word' id='word_1_3' title='bbox 299 748 340 818; x_wconf 89' lang='lat' dir='ltr'>et</span> <span class='ocrx_word' id='word_1_4' title='bbox 379 733 540 818; x_wconf 80' lang='lat' dir='ltr'><strong>contriti</strong></span> <span class='ocrx_word' id='word_1_5' title='bbox 583 749 681 819; x_wconf 90' lang='lat' dir='ltr'>sunt</span> <span class='ocrx_word' id='word_1_6' title='bbox 717 764 741 819; x_wconf 90' lang='lat' dir='ltr'>a</span> <span class='ocrx_word' id='word_1_7' title='bbox 782 739 888 822; x_wconf 89' lang='lat' dir='ltr'>facie</span> <span class='ocrx_word' id='word_1_8' title='bbox 932 741 1033 844; x_wconf 90' lang='lat' dir='ltr'>eius,</span> <span class='ocrx_word' id='word_1_9' title='bbox 1083 739 1405 847; x_wconf 80' lang='lat' dir='ltr'>cecideruntque</span> <span class='ocrx_word' id='word_1_10' title='bbox 1438 737 1478 820; x_wconf 94' lang='lat' dir='ltr'>in</span> <span class='ocrx_word' id='word_1_11' title='bbox 1512 763 1581 821; x_wconf 91' lang='lat' dir='ltr'>ore</span> 
     </span>
     <span class='ocr_line' id='line_1_3' title="bbox 174 857 1580 969; baseline 0.002 -30"><span class='ocrx_word' id='word_1_12' title='bbox 174 857 298 964; x_wconf 85' lang='lat' dir='ltr'>gladii</span> <span class='ocrx_word' id='word_1_13' title='bbox 329 860 461 940; x_wconf 88' lang='lat' dir='ltr'>multa</span> <span class='ocrx_word' id='word_1_14' title='bbox 492 859 606 941; x_wconf 91' lang='lat' dir='ltr'>milia</span> <span class='ocrx_word' id='word_1_15' title='bbox 637 860 861 944; x_wconf 88' lang='lat' dir='ltr'>Cunorum.</span> <span class='ocrx_word' id='word_1_16' title='bbox 912 863 1003 945; x_wconf 80' lang='lat' dir='ltr'>Rex</span> <span class='ocrx_word' id='word_1_17' title='bbox 1036 876 1175 945; x_wconf 88' lang='lat' dir='ltr'>autem</span> <span class='ocrx_word' id='word_1_18' title='bbox 1214 862 1407 943; x_wconf 81' lang='lat' dir='ltr'>Salomon</span> <span class='ocrx_word' id='word_1_19' title='bbox 1442 889 1538 944; x_wconf 92' lang='lat' dir='ltr'>cum</span> <span class='ocrx_word' id='word_1_20' title='bbox 1550 857 1580 969; x_wconf 86' lang='lat'>¹)</span> 
     </span>
     <span class='ocr_line' id='line_1_4' title="bbox 175 979 1580 1093; baseline 0.003 -31"><span class='ocrx_word' id='word_1_21' title='bbox 175 979 334 1064; x_wconf 89' lang='lat' dir='ltr'>Kutesk</span> <span class='ocrx_word' id='word_1_22' title='bbox 366 981 474 1064; x_wconf 90' lang='lat' dir='ltr'>sicut</span> <span class='ocrx_word' id='word_1_23' title='bbox 504 996 647 1066; x_wconf 83' lang='lat' dir='ltr'>anates</span> <span class='ocrx_word' id='word_1_24' title='bbox 680 984 836 1067; x_wconf 89' lang='lat' dir='ltr'>auulsis</span> <span class='ocrx_word' id='word_1_25' title='bbox 877 987 1025 1093; x_wconf 90' lang='lat' dir='ltr'>pennis</span> <span class='ocrx_word' id='word_1_26' title='bbox 1067 987 1120 1068; x_wconf 90' lang='lat' dir='ltr'>ab</span> <span class='ocrx_word' id='word_1_27' title='bbox 1157 985 1368 1090; x_wconf 90' lang='lat' dir='ltr'>unguibus</span> <span class='ocrx_word' id='word_1_28' title='bbox 1401 984 1580 1066; x_wconf 89' lang='lat' dir='ltr'>austuris</span> 
     </span>
     <span class='ocr_line' id='line_1_5' title="bbox 173 1103 1580 1214; baseline 0.003 -30"><span class='ocrx_word' id='word_1_29' title='bbox 173 1103 379 1209; x_wconf 87' lang='lat' dir='ltr'>fugientes</span> <span class='ocrx_word' id='word_1_30' title='bbox 412 1119 646 1187; x_wconf 85' lang='lat' dir='ltr'>euaserunt.</span> <span class='ocrx_word' id='word_1_31' title='bbox 680 1104 769 1186; x_wconf 84' lang='lat' dir='ltr'>Rex</span> <span class='ocrx_word' id='word_1_32' title='bbox 803 1107 942 1214; x_wconf 88' lang='lat' dir='ltr'>itaque</span> <span class='ocrx_word' id='word_1_33' title='bbox 974 1108 1188 1190; x_wconf 90' lang='lat' dir='ltr'>Ladizlans</span> <span class='ocrx_word' id='word_1_34' title='bbox 1220 1107 1315 1189; x_wconf 90' lang='lat' dir='ltr'>tulit</span> <span class='ocrx_word' id='word_1_35' title='bbox 1347 1106 1479 1214; x_wconf 90' lang='lat' dir='ltr'>spolia</span> <span class='ocrx_word' id='word_1_36' title='bbox 1511 1133 1580 1188; x_wconf 92' lang='lat' dir='ltr'>eo·</span> 
     </span>
     <span class='ocr_line' id='line_1_6' title="bbox 173 1225 1579 1334; baseline 0.003 -29"><span class='ocrx_word' id='word_1_37' title='bbox 173 1253 266 1306; x_wconf 92' lang='lat' dir='ltr'>rum</span> <span class='ocrx_word' id='word_1_38' title='bbox 300 1225 413 1307; x_wconf 90' lang='lat' dir='ltr'>etin</span> <span class='ocrx_word' id='word_1_39' title='bbox 446 1227 611 1334; x_wconf 92' lang='lat' dir='ltr'>ympnis</span> <span class='ocrx_word' id='word_1_40' title='bbox 645 1239 686 1308; x_wconf 90' lang='lat' dir='ltr'>et</span> <span class='ocrx_word' id='word_1_41' title='bbox 725 1230 1053 1313; x_wconf 78' lang='lat' dir='ltr'>confessionibus</span> <span class='ocrx_word' id='word_1_42' title='bbox 1095 1231 1400 1313; x_wconf 86' lang='lat' dir='ltr'>benedicebant</span> <span class='ocrx_word' id='word_1_43' title='bbox 1441 1229 1579 1330; x_wconf 92' lang='lat' dir='ltr'>deum,</span> 
     </span>
     <span class='ocr_line' id='line_1_7' title="bbox 174 1347 1580 1454; baseline 0.003 -26"><span class='ocrx_word' id='word_1_44' title='bbox 174 1347 245 1454; x_wconf 92' lang='lat' dir='ltr'>qui</span> <span class='ocrx_word' id='word_1_45' title='bbox 277 1348 391 1429; x_wconf 89' lang='lat' dir='ltr'>dedit</span> <span class='ocrx_word' id='word_1_46' title='bbox 432 1349 490 1430; x_wconf 91' lang='lat' dir='ltr'>eis</span> <span class='ocrx_word' id='word_1_47' title='bbox 531 1349 747 1453; x_wconf 89' lang='lat' dir='ltr'>gloriosam</span> <span class='ocrx_word' id='word_1_48' title='bbox 788 1351 1014 1434; x_wconf 87' lang='lat' dir='ltr'>uictoriam.</span> <span class='ocrx_word' id='word_1_49' title='bbox 1063 1353 1177 1434; x_wconf 82' lang='lat' dir='ltr'>Fecit</span> <span class='ocrx_word' id='word_1_50' title='bbox 1218 1365 1357 1434; x_wconf 89' lang='lat' dir='ltr'>autem</span> <span class='ocrx_word' id='word_1_51' title='bbox 1399 1350 1580 1432; x_wconf 83' lang='lat' dir='ltr'>construi</span> 
     </span>
     <span class='ocr_line' id='line_1_8' title="bbox 175 1470 1578 1582; baseline 0.002 -33"><span class='ocrx_word' id='word_1_52' title='bbox 175 1470 329 1551; x_wconf 88' lang='lat' dir='ltr'>ibidem</span> <span class='ocrx_word' id='word_1_53' title='bbox 348 1470 580 1552; x_wconf 83' lang='lat' dir='ltr'>‘ecclesiam</span> <span class='ocrx_word' id='word_1_54' title='bbox 615 1472 666 1552; x_wconf 90' lang='lat' dir='ltr'>ad</span> <span class='ocrx_word' id='word_1_55' title='bbox 698 1472 895 1554; x_wconf 88' lang='lat' dir='ltr'>honorem</span> <span class='ocrx_word' id='word_1_56' title='bbox 931 1477 997 1556; x_wconf 90' lang='lat' dir='ltr'>dei</span> <span class='ocrx_word' id='word_1_57' title='bbox 1024 1475 1330 1582; x_wconf 64' lang='lat' dir='ltr'>omniqmtentis,</span> <span class='ocrx_word' id='word_1_58' title='bbox 1349 1475 1401 1554; x_wconf 92' lang='lat' dir='ltr'>ob</span> <span class='ocrx_word' id='word_1_59' title='bbox 1420 1499 1578 1553; x_wconf 92' lang='lat' dir='ltr'>memo-</span> 
     </span>
     <span class='ocr_line' id='line_1_9' title="bbox 173 1592 1286 1700; baseline 0.004 -28"><span class='ocrx_word' id='word_1_60' title='bbox 173 1592 275 1673; x_wconf 92' lang='lat' dir='ltr'>riam</span> <span class='ocrx_word' id='word_1_61' title='bbox 307 1593 479 1674; x_wconf 88' lang='lat' dir='ltr'>uictorie</span> <span class='ocrx_word' id='word_1_62' title='bbox 512 1620 638 1700; x_wconf 92' lang='lat' dir='ltr'>quam</span> <span class='ocrx_word' id='word_1_63' title='bbox 671 1595 872 1677; x_wconf 89' lang='lat' dir='ltr'>adiutorio</span> <span class='ocrx_word' id='word_1_64' title='bbox 906 1598 971 1678; x_wconf 92' lang='lat' dir='ltr'>dei</span> <span class='ocrx_word' id='word_1_65' title='bbox 1004 1597 1286 1678; x_wconf 86' lang='lat' dir='ltr'>obtinuerunt.</span> 
     </span>
    </p>

    <p class='ocr_par' dir='ltr' id='par_1_3' title="bbox 166 1713 1581 4878">
     <span class='ocr_line' id='line_1_10' title="bbox 329 1713 1581 1802; baseline 0.002 -7"><span class='ocrx_word' id='word_1_66' title='bbox 329 1716 387 1795; x_wconf 84' lang='lat' dir='ltr'>At</span> <span class='ocrx_word' id='word_1_67' title='bbox 417 1741 490 1796; x_wconf 86' lang='lat' dir='ltr'>rex</span> <span class='ocrx_word' id='word_1_68' title='bbox 524 1713 719 1798; x_wconf 88' lang='lat' dir='ltr'>Salomon</span> <span class='ocrx_word' id='word_1_69' title='bbox 752 1745 849 1798; x_wconf 91' lang='lat' dir='ltr'>cum</span> <span class='ocrx_word' id='word_1_70' title='bbox 888 1719 1128 1802; x_wconf 80' lang='lat' dir='ltr'>latrunculis</span> <span class='ocrx_word' id='word_1_71' title='bbox 1172 1718 1385 1800; x_wconf 85' lang='lat' dir='ltr'>Cunorum</span> <span class='ocrx_word' id='word_1_72' title='bbox 1427 1716 1581 1799; x_wconf 88' lang='lat' dir='ltr'>inuasit</span> 
     </span>
     <span class='ocr_line' id='line_1_11' title="bbox 174 1837 1579 1947; baseline 0.002 -29"><span class='ocrx_word' id='word_1_73' title='bbox 174 1837 407 1942; x_wconf 88' lang='lat' dir='ltr'>Bulgariam</span> <span class='ocrx_word' id='word_1_74' title='bbox 441 1849 483 1918; x_wconf 90' lang='lat' dir='ltr'>et</span> <span class='ocrx_word' id='word_1_75' title='bbox 514 1839 691 1920; x_wconf 88' lang='lat' dir='ltr'>confinia</span> <span class='ocrx_word' id='word_1_76' title='bbox 723 1839 879 1942; x_wconf 87' lang='lat' dir='ltr'>Grecie,</span> <span class='ocrx_word' id='word_1_77' title='bbox 913 1841 986 1922; x_wconf 95' lang='lat' dir='ltr'>ubi</span> <span class='ocrx_word' id='word_1_78' title='bbox 1018 1843 1070 1923; x_wconf 93' lang='lat' dir='ltr'>ab</span> <span class='ocrx_word' id='word_1_79' title='bbox 1104 1841 1291 1922; x_wconf 77' lang='lat' dir='ltr'>exercitu</span> <span class='ocrx_word' id='word_1_80' title='bbox 1322 1838 1579 1947; x_wconf 89' lang='lat' dir='ltr'>imperatoris</span> 
     </span>
     <span class='ocr_line' id='line_1_12' title="bbox 176 1959 1578 2070; baseline 0.001 -31"><span class='ocrx_word' id='word_1_81' title='bbox 176 1959 321 2040; x_wconf 91' lang='lat' dir='ltr'>Grecie</span> <span class='ocrx_word' id='word_1_82' title='bbox 353 1959 641 2042; x_wconf 87' lang='lat' dir='ltr'>miserabiliter</span> <span class='ocrx_word' id='word_1_83' title='bbox 682 1975 779 2044; x_wconf 90' lang='lat' dir='ltr'>sunt</span> <span class='ocrx_word' id='word_1_84' title='bbox 820 1964 1017 2070; x_wconf 78' lang='lat' dir='ltr'>percussi,</span> <span class='ocrx_word' id='word_1_85' title='bbox 1052 1993 1073 2044; x_wconf 91' lang='lat' dir='ltr'>e</span> <span class='ocrx_word' id='word_1_86' title='bbox 1108 1964 1258 2070; x_wconf 90' lang='lat' dir='ltr'>quibus</span> <span class='ocrx_word' id='word_1_87' title='bbox 1301 1963 1423 2070; x_wconf 90' lang='lat' dir='ltr'>pauci</span> <span class='ocrx_word' id='word_1_88' title='bbox 1457 1961 1578 2042; x_wconf 88' lang='lat' dir='ltr'>ualde</span> 
     </span>
     <span class='ocr_line' id='line_1_13' title="bbox 175 2080 1579 2190; baseline 0.001 -28"><span class='ocrx_word' id='word_1_89' title='bbox 175 2095 409 2163; x_wconf 86' lang='lat' dir='ltr'>euaserunt.</span> <span class='ocrx_word' id='word_1_90' title='bbox 443 2080 548 2162; x_wconf 87' lang='lat' dir='ltr'>Cum</span> <span class='ocrx_word' id='word_1_91' title='bbox 583 2083 692 2164; x_wconf 91' lang='lat' dir='ltr'>enim</span> <span class='ocrx_word' id='word_1_92' title='bbox 711 2084 913 2167; x_wconf 87' lang='lat' dir='ltr'>uidissent</span> <span class='ocrx_word' id='word_1_93' title='bbox 935 2084 1038 2166; x_wconf 84' lang='lat' dir='ltr'>Cuni</span> <span class='ocrx_word' id='word_1_94' title='bbox 1058 2111 1249 2190; x_wconf 88' lang='lat' dir='ltr'>magnam</span> <span class='ocrx_word' id='word_1_95' title='bbox 1269 2083 1579 2164; x_wconf 89' lang='lat' dir='ltr'>multitudinem</span> 
     </span>
     <span class='ocr_line' id='line_1_14' title="bbox 175 2203 1577 2315; baseline 0.001 -32"><span class='ocrx_word' id='word_1_96' title='bbox 175 2203 449 2306; x_wconf 89' lang='lat' dir='ltr'>loricatorum,</span> <span class='ocrx_word' id='word_1_97' title='bbox 483 2203 712 2287; x_wconf 90' lang='lat' dir='ltr'>timuerunt</span> <span class='ocrx_word' id='word_1_98' title='bbox 738 2206 873 2310; x_wconf 89' lang='lat' dir='ltr'>ualde,</span> <span class='ocrx_word' id='word_1_99' title='bbox 892 2222 1175 2315; x_wconf 88' lang='lat' dir='ltr'>ceperuntque</span> <span class='ocrx_word' id='word_1_100' title='bbox 1192 2207 1386 2289; x_wconf 88' lang='lat' dir='ltr'>festinare</span> <span class='ocrx_word' id='word_1_101' title='bbox 1404 2221 1451 2288; x_wconf 90' lang='lat' dir='ltr'>ut</span> <span class='ocrx_word' id='word_1_102' title='bbox 1467 2217 1577 2286; x_wconf 91' lang='lat' dir='ltr'>tran·</span> 
     </span>
     <span class='ocr_line' id='line_1_15' title="bbox 174 2324 1577 2435; baseline 0.001 -29"><span class='ocrx_word' id='word_1_103' title='bbox 174 2324 301 2406; x_wconf 88' lang='lat' dir='ltr'>sirent</span> <span class='ocrx_word' id='word_1_104' title='bbox 332 2324 586 2427; x_wconf 84' lang='lat' dir='ltr'>Danubium,</span> <span class='ocrx_word' id='word_1_105' title='bbox 628 2329 869 2435; x_wconf 89' lang='lat' dir='ltr'>priusquam</span> <span class='ocrx_word' id='word_1_106' title='bbox 904 2331 956 2412; x_wconf 92' lang='lat' dir='ltr'>ab</span> <span class='ocrx_word' id='word_1_107' title='bbox 989 2329 1176 2412; x_wconf 88' lang='lat' dir='ltr'>hostibus</span> <span class='ocrx_word' id='word_1_108' title='bbox 1218 2328 1577 2409; x_wconf 85' lang='lat' dir='ltr'>concluderentur.</span> 
     </span>
     <span class='ocr_line' id='line_1_16' title="bbox 174 2445 1577 2557; baseline 0 -29"><span class='ocrx_word' id='word_1_109' title='bbox 174 2445 252 2542; x_wconf 86' lang='lat' dir='ltr'>Qui</span> <span class='ocrx_word' id='word_1_110' title='bbox 286 2474 380 2552; x_wconf 91' lang='lat' dir='ltr'>ergo</span> <span class='ocrx_word' id='word_1_111' title='bbox 413 2447 559 2529; x_wconf 88' lang='lat' dir='ltr'>loricas</span> <span class='ocrx_word' id='word_1_112' title='bbox 590 2475 674 2530; x_wconf 92' lang='lat' dir='ltr'>non</span> <span class='ocrx_word' id='word_1_113' title='bbox 706 2450 927 2550; x_wconf 88' lang='lat' dir='ltr'>habebant,</span> <span class='ocrx_word' id='word_1_114' title='bbox 974 2452 1146 2532; x_wconf 89' lang='lat' dir='ltr'>celerius</span> <span class='ocrx_word' id='word_1_115' title='bbox 1180 2478 1252 2557; x_wconf 89' lang='lat' dir='ltr'>pre</span> <span class='ocrx_word' id='word_1_116' title='bbox 1284 2451 1451 2532; x_wconf 85' lang='lat' dir='ltr'>leuitate</span> <span class='ocrx_word' id='word_1_117' title='bbox 1484 2476 1577 2556; x_wconf 89' lang='lat' dir='ltr'>pre·</span> 
     </span>
     <span class='ocr_line' id='line_1_17' title="bbox 174 2568 1577 2680; baseline 0.001 -31"><span class='ocrx_word' id='word_1_118' title='bbox 174 2569 389 2650; x_wconf 89' lang='lat' dir='ltr'>cedebant.</span> <span class='ocrx_word' id='word_1_119' title='bbox 422 2568 616 2651; x_wconf 87' lang='lat' dir='ltr'>Salomon</span> <span class='ocrx_word' id='word_1_120' title='bbox 649 2587 787 2653; x_wconf 91' lang='lat' dir='ltr'>autem</span> <span class='ocrx_word' id='word_1_121' title='bbox 823 2588 864 2654; x_wconf 88' lang='lat' dir='ltr'>et</span> <span class='ocrx_word' id='word_1_122' title='bbox 895 2574 958 2655; x_wconf 90' lang='lat' dir='ltr'>sui</span> <span class='ocrx_word' id='word_1_123' title='bbox 991 2587 1116 2680; x_wconf 89' lang='lat' dir='ltr'>atquc</span> <span class='ocrx_word' id='word_1_124' title='bbox 1150 2573 1217 2653; x_wconf 90' lang='lat' dir='ltr'>alii</span> <span class='ocrx_word' id='word_1_125' title='bbox 1254 2572 1411 2654; x_wconf 91' lang='lat' dir='ltr'>loricati</span> <span class='ocrx_word' id='word_1_126' title='bbox 1443 2597 1577 2652; x_wconf 91' lang='lat' dir='ltr'>anno-</span> 
     </span>
     <span class='ocr_line' id='line_1_18' title="bbox 173 2680 1577 2801; baseline 0.001 -30"><span class='ocrx_word' id='word_1_127' title='bbox 173 2719 264 2772; x_wconf 90' lang='lat' dir='ltr'>rum</span> <span class='ocrx_word' id='word_1_128' title='bbox 297 2692 480 2799; x_wconf 90' lang='lat' dir='ltr'>pondere</span> <span class='ocrx_word' id='word_1_129' title='bbox 520 2694 823 2801; x_wconf 77' lang='lat' dir='ltr'>prepe(9d)‹liti</span> <span class='ocrx_word' id='word_1_130' title='bbox 856 2696 1125 2801; x_wconf 88' lang='lat' dir='ltr'>precedentes</span> <span class='ocrx_word' id='word_1_131' title='bbox 1158 2695 1290 2777; x_wconf 90' lang='lat' dir='ltr'>socios</span> <span class='ocrx_word' id='word_1_132' title='bbox 1323 2680 1479 2776; x_wconf 90' lang='lat' dir='ltr'>tardius</span> <span class='ocrx_word' id='word_1_133' title='bbox 1512 2719 1577 2775; x_wconf 93' lang='lat' dir='ltr'>se·</span> 
     </span>
     <span class='ocr_line' id='line_1_19' title="bbox 174 2814 1577 2924; baseline 0.002 -30"><span class='ocrx_word' id='word_1_134' title='bbox 174 2814 419 2920; x_wconf 89' lang='lat' dir='ltr'>quebantur,</span> <span class='ocrx_word' id='word_1_135' title='bbox 454 2828 496 2896; x_wconf 88' lang='lat' dir='ltr'>et</span> <span class='ocrx_word' id='word_1_136' title='bbox 525 2841 642 2922; x_wconf 88' lang='lat' dir='ltr'>yems</span> <span class='ocrx_word' id='word_1_137' title='bbox 675 2829 772 2919; x_wconf 90' lang='lat' dir='ltr'>erat,</span> <span class='ocrx_word' id='word_1_138' title='bbox 807 2816 1087 2924; x_wconf 88' lang='lat' dir='ltr'>ningebatque</span> <span class='ocrx_word' id='word_1_139' title='bbox 1114 2817 1369 2919; x_wconf 86' lang='lat' dir='ltr'>densissime,</span> <span class='ocrx_word' id='word_1_140' title='bbox 1387 2816 1577 2923; x_wconf 86' lang='lat' dir='ltr'>repleue-</span> 
     </span>
     <span class='ocr_line' id='line_1_20' title="bbox 173 2937 1575 3046; baseline 0.001 -31"><span class='ocrx_word' id='word_1_141' title='bbox 173 2947 346 3042; x_wconf 89' lang='lat' dir='ltr'>rantque</span> <span class='ocrx_word' id='word_1_142' title='bbox 395 2937 513 3018; x_wconf 90' lang='lat' dir='ltr'>niues</span> <span class='ocrx_word' id='word_1_143' title='bbox 562 2937 703 3019; x_wconf 93' lang='lat' dir='ltr'>oculos</span> <span class='ocrx_word' id='word_1_144' title='bbox 763 2964 918 3040; x_wconf 90' lang='lat' dir='ltr'>eorum,</span> <span class='ocrx_word' id='word_1_145' title='bbox 968 2952 1009 3020; x_wconf 90' lang='lat' dir='ltr'>et</span> <span class='ocrx_word' id='word_1_146' title='bbox 1057 2950 1364 3046; x_wconf 90' lang='lat' dir='ltr'>preoccupante</span> <span class='ocrx_word' id='word_1_147' title='bbox 1413 2938 1575 3019; x_wconf 91' lang='lat' dir='ltr'>niuium</span> 
     </span>
     <span class='ocr_line' id='line_1_21' title="bbox 173 3056 1577 3167; baseline 0.003 -31"><span class='ocrx_word' id='word_1_148' title='bbox 173 3056 374 3140; x_wconf 89' lang='lat' dir='ltr'>densitate</span> <span class='ocrx_word' id='word_1_149' title='bbox 412 3085 498 3140; x_wconf 89' lang='lat' dir='ltr'>non</span> <span class='ocrx_word' id='word_1_150' title='bbox 540 3071 731 3164; x_wconf 88' lang='lat' dir='ltr'>poterant</span> <span class='ocrx_word' id='word_1_151' title='bbox 770 3061 912 3141; x_wconf 90' lang='lat' dir='ltr'>uidere</span> <span class='ocrx_word' id='word_1_152' title='bbox 955 3062 1086 3144; x_wconf 89' lang='lat' dir='ltr'>socios</span> <span class='ocrx_word' id='word_1_153' title='bbox 1119 3086 1228 3164; x_wconf 71' lang='lat' dir='ltr'>suos</span> <span class='ocrx_word' id='word_1_154' title='bbox 1262 3061 1333 3167; x_wconf 93' lang='lat' dir='ltr'>qui</span> <span class='ocrx_word' id='word_1_155' title='bbox 1367 3086 1577 3166; x_wconf 88' lang='lat' dir='ltr'>precesse-</span> 
     </span>
     <span class='ocr_line' id='line_1_22' title="bbox 172 3179 1576 3291; baseline 0.002 -32"><span class='ocrx_word' id='word_1_156' title='bbox 172 3193 273 3261; x_wconf 90' lang='lat' dir='ltr'>rant.</span> <span class='ocrx_word' id='word_1_157' title='bbox 305 3179 498 3263; x_wconf 88' lang='lat' dir='ltr'>Errantes</span> <span class='ocrx_word' id='word_1_158' title='bbox 530 3179 670 3288; x_wconf 90' lang='lat' dir='ltr'>itaque</span> <span class='ocrx_word' id='word_1_159' title='bbox 702 3183 943 3264; x_wconf 87' lang='lat' dir='ltr'>ferebantur</span> <span class='ocrx_word' id='word_1_160' title='bbox 973 3211 1047 3291; x_wconf 89' lang='lat' dir='ltr'>per</span> <span class='ocrx_word' id='word_1_161' title='bbox 1079 3182 1228 3263; x_wconf 88' lang='lat' dir='ltr'>inania.</span> <span class='ocrx_word' id='word_1_162' title='bbox 1265 3180 1346 3262; x_wconf 88' lang='lat' dir='ltr'>Sed</span> <span class='ocrx_word' id='word_1_163' title='bbox 1380 3195 1420 3262; x_wconf 89' lang='lat' dir='ltr'>et</span> <span class='ocrx_word' id='word_1_164' title='bbox 1436 3181 1576 3262; x_wconf 88' lang='lat' dir='ltr'>hostes</span> 
     </span>
     <span class='ocr_line' id='line_1_23' title="bbox 172 3301 1576 3412; baseline -0.001 -30"><span class='ocrx_word' id='word_1_165' title='bbox 172 3303 528 3410; x_wconf 85' lang='lat' dir='ltr'>persequebantur</span> <span class='ocrx_word' id='word_1_166' title='bbox 561 3328 630 3384; x_wconf 93' lang='lat' dir='ltr'>eos</span> <span class='ocrx_word' id='word_1_167' title='bbox 663 3305 864 3388; x_wconf 88' lang='lat' dir='ltr'>eominus.</span> <span class='ocrx_word' id='word_1_168' title='bbox 884 3304 1073 3412; x_wconf 88' lang='lat' dir='ltr'>Cumque</span> <span class='ocrx_word' id='word_1_169' title='bbox 1091 3303 1359 3386; x_wconf 88' lang='lat' dir='ltr'>deuenissent</span> <span class='ocrx_word' id='word_1_170' title='bbox 1375 3303 1426 3383; x_wconf 88' lang='lat' dir='ltr'>ad</span> <span class='ocrx_word' id='word_1_171' title='bbox 1445 3301 1576 3409; x_wconf 89' lang='lat' dir='ltr'>quod-</span> 
     </span>
     <span class='ocr_line' id='line_1_24' title="bbox 171 3423 1578 3529; baseline -0.001 -25"><span class='ocrx_word' id='word_1_172' title='bbox 171 3423 265 3505; x_wconf 87' lang='lat' dir='ltr'>dam</span> <span class='ocrx_word' id='word_1_173' title='bbox 299 3438 480 3506; x_wconf 87' lang='lat' dir='ltr'>castrum</span> <span class='ocrx_word' id='word_1_174' title='bbox 499 3425 709 3508; x_wconf 83' lang='lat' dir='ltr'>desertum</span> <span class='ocrx_word' id='word_1_175' title='bbox 729 3440 770 3508; x_wconf 92' lang='lat' dir='ltr'>et</span> <span class='ocrx_word' id='word_1_176' title='bbox 786 3453 981 3529; x_wconf 88' lang='lat' dir='ltr'>uacuum,</span> <span class='ocrx_word' id='word_1_177' title='bbox 1013 3429 1273 3508; x_wconf 89' lang='lat' dir='ltr'>intrauerunt</span> <span class='ocrx_word' id='word_1_178' title='bbox 1303 3425 1414 3527; x_wconf 87' lang='lat' dir='ltr'>illuc,</span> <span class='ocrx_word' id='word_1_179' title='bbox 1434 3439 1474 3504; x_wconf 88' lang='lat' dir='ltr'>et</span> <span class='ocrx_word' id='word_1_180' title='bbox 1491 3434 1578 3504; x_wconf 89' lang='lat' dir='ltr'>tota</span> 
     </span>
     <span class='ocr_line' id='line_1_25' title="bbox 171 3545 1578 3630; baseline 0.001 -4"><span class='ocrx_word' id='word_1_181' title='bbox 171 3545 235 3627; x_wconf 87' lang='lat' dir='ltr'>die</span> <span class='ocrx_word' id='word_1_182' title='bbox 268 3561 310 3626; x_wconf 89' lang='lat' dir='ltr'>et</span> <span class='ocrx_word' id='word_1_183' title='bbox 341 3559 462 3627; x_wconf 92' lang='lat' dir='ltr'>nocte</span> <span class='ocrx_word' id='word_1_184' title='bbox 495 3547 649 3628; x_wconf 88' lang='lat' dir='ltr'>ibidem</span> <span class='ocrx_word' id='word_1_185' title='bbox 683 3562 936 3630; x_wconf 90' lang='lat' dir='ltr'>manserunt.</span> <span class='ocrx_word' id='word_1_186' title='bbox 969 3548 1121 3630; x_wconf 88' lang='lat' dir='ltr'>Hostes</span> <span class='ocrx_word' id='word_1_187' title='bbox 1153 3559 1294 3629; x_wconf 91' lang='lat' dir='ltr'>autem</span> <span class='ocrx_word' id='word_1_188' title='bbox 1343 3546 1578 3628; x_wconf 87' lang='lat' dir='ltr'>circumde-</span> 
     </span>
     <span class='ocr_line' id='line_1_26' title="bbox 170 3667 1574 3777; baseline 0.001 -30"><span class='ocrx_word' id='word_1_189' title='bbox 170 3667 321 3750; x_wconf 88' lang='lat' dir='ltr'>derunt</span> <span class='ocrx_word' id='word_1_190' title='bbox 352 3681 531 3751; x_wconf 88' lang='lat' dir='ltr'>castrum</span> <span class='ocrx_word' id='word_1_191' title='bbox 565 3670 763 3777; x_wconf 91' lang='lat' dir='ltr'>undique.</span> <span class='ocrx_word' id='word_1_192' title='bbox 797 3670 966 3752; x_wconf 86' lang='lat' dir='ltr'>Obsessi</span> <span class='ocrx_word' id='word_1_193' title='bbox 998 3698 1098 3753; x_wconf 91' lang='lat' dir='ltr'>uero</span> <span class='ocrx_word' id='word_1_194' title='bbox 1120 3670 1310 3751; x_wconf 88' lang='lat' dir='ltr'>uidentes</span> <span class='ocrx_word' id='word_1_195' title='bbox 1328 3697 1372 3751; x_wconf 91' lang='lat' dir='ltr'>sc</span> <span class='ocrx_word' id='word_1_196' title='bbox 1390 3668 1574 3776; x_wconf 91' lang='lat' dir='ltr'>periculo</span> 
     </span>
     <span class='ocr_line' id='line_1_27' title="bbox 167 3789 1574 3901; baseline 0.001 -31"><span class='ocrx_word' id='word_1_197' title='bbox 167 3789 289 3874; x_wconf 88' lang='lat' dir='ltr'>famis</span> <span class='ocrx_word' id='word_1_198' title='bbox 322 3791 466 3898; x_wconf 87' lang='lat' dir='ltr'>perire,</span> <span class='ocrx_word' id='word_1_199' title='bbox 501 3793 715 3898; x_wconf 88' lang='lat' dir='ltr'>elegerunt</span> <span class='ocrx_word' id='word_1_200' title='bbox 746 3793 876 3898; x_wconf 88' lang='lat' dir='ltr'>magis</span> <span class='ocrx_word' id='word_1_201' title='bbox 908 3793 1131 3901; x_wconf 89' lang='lat' dir='ltr'>pugnando</span> <span class='ocrx_word' id='word_1_202' title='bbox 1165 3792 1279 3894; x_wconf 88' lang='lat' dir='ltr'>mori,</span> <span class='ocrx_word' id='word_1_203' title='bbox 1314 3818 1439 3898; x_wconf 90' lang='lat' dir='ltr'>quam</span> <span class='ocrx_word' id='word_1_204' title='bbox 1463 3791 1574 3871; x_wconf 89' lang='lat' dir='ltr'>fame</span> 
     </span>
     <span class='ocr_line' id='line_1_28' title="bbox 169 3911 1574 4022; baseline -0.001 -28"><span class='ocrx_word' id='word_1_205' title='bbox 169 3911 327 4020; x_wconf 89' lang='lat' dir='ltr'>perimi.</span> <span class='ocrx_word' id='word_1_206' title='bbox 360 3913 533 3996; x_wconf 89' lang='lat' dir='ltr'>Summo</span> <span class='ocrx_word' id='word_1_207' title='bbox 565 3914 704 4022; x_wconf 91' lang='lat' dir='ltr'>itaque</span> <span class='ocrx_word' id='word_1_208' title='bbox 738 3915 920 3996; x_wconf 90' lang='lat' dir='ltr'>diluculo</span> <span class='ocrx_word' id='word_1_209' title='bbox 954 3915 1146 3995; x_wconf 86' lang='lat' dir='ltr'>exierunt</span> <span class='ocrx_word' id='word_1_210' title='bbox 1176 3913 1218 3993; x_wconf 95' lang='lat' dir='ltr'>in</span> <span class='ocrx_word' id='word_1_211' title='bbox 1235 3913 1375 3994; x_wconf 89' lang='lat' dir='ltr'>hostes</span> <span class='ocrx_word' id='word_1_212' title='bbox 1393 3927 1434 3993; x_wconf 88' lang='lat' dir='ltr'>et</span> <span class='ocrx_word' id='word_1_213' title='bbox 1451 3911 1574 3995; x_wconf 92' lang='lat' dir='ltr'>simul</span> 
     </span>
     <span class='ocr_line' id='line_1_29' title="bbox 169 4034 1573 4142; baseline 0 -26"><span class='ocrx_word' id='word_1_214' title='bbox 169 4063 264 4118; x_wconf 87' lang='lat' dir='ltr'>cum</span> <span class='ocrx_word' id='word_1_215' title='bbox 298 4035 628 4120; x_wconf 82' lang='lat' dir='ltr'>interfectoribus</span> <span class='ocrx_word' id='word_1_216' title='bbox 661 4035 745 4119; x_wconf 91' lang='lat' dir='ltr'>suis</span> <span class='ocrx_word' id='word_1_217' title='bbox 778 4037 1032 4138; x_wconf 88' lang='lat' dir='ltr'>interierunt,</span> <span class='ocrx_word' id='word_1_218' title='bbox 1068 4049 1109 4116; x_wconf 90' lang='lat' dir='ltr'>et</span> <span class='ocrx_word' id='word_1_219' title='bbox 1141 4035 1410 4142; x_wconf 88' lang='lat' dir='ltr'>quamplures</span> <span class='ocrx_word' id='word_1_220' title='bbox 1443 4062 1495 4115; x_wconf 77' lang='lat' dir='ltr'>ex</span> <span class='ocrx_word' id='word_1_221' title='bbox 1516 4034 1573 4116; x_wconf 88' lang='lat' dir='ltr'>eis</span> 
     </span>
     <span class='ocr_line' id='line_1_30' title="bbox 168 4156 1571 4267; baseline -0.001 -27"><span class='ocrx_word' id='word_1_222' title='bbox 168 4159 474 4262; x_wconf 84' lang='lat' dir='ltr'>occidebantur,</span> <span class='ocrx_word' id='word_1_223' title='bbox 509 4159 579 4267; x_wconf 91' lang='lat' dir='ltr'>qui</span> <span class='ocrx_word' id='word_1_224' title='bbox 613 4186 683 4242; x_wconf 90' lang='lat' dir='ltr'>eos</span> <span class='ocrx_word' id='word_1_225' title='bbox 715 4158 1027 4240; x_wconf 84' lang='lat' dir='ltr'>interficiebant.</span> <span class='ocrx_word' id='word_1_226' title='bbox 1076 4157 1164 4239; x_wconf 81' lang='lat' dir='ltr'>Rex</span> <span class='ocrx_word' id='word_1_227' title='bbox 1198 4169 1337 4239; x_wconf 88' lang='lat' dir='ltr'>autem</span> <span class='ocrx_word' id='word_1_228' title='bbox 1379 4156 1571 4239; x_wconf 84' lang='lat' dir='ltr'>Salomon</span> 
     </span>
     <span class='ocr_line' id='line_1_31' title="bbox 166 4279 1574 4388; baseline 0.001 -28"><span class='ocrx_word' id='word_1_229' title='bbox 166 4281 329 4384; x_wconf 88' lang='lat' dir='ltr'>fugiens</span> <span class='ocrx_word' id='word_1_230' title='bbox 371 4307 466 4360; x_wconf 88' lang='lat' dir='ltr'>cum</span> <span class='ocrx_word' id='word_1_231' title='bbox 510 4282 653 4388; x_wconf 88' lang='lat' dir='ltr'>paucis</span> <span class='ocrx_word' id='word_1_232' title='bbox 695 4281 769 4362; x_wconf 83' lang='lat' dir='ltr'>uix</span> <span class='ocrx_word' id='word_1_233' title='bbox 814 4281 957 4382; x_wconf 82' lang='lat' dir='ltr'>euasit,</span> <span class='ocrx_word' id='word_1_234' title='bbox 1005 4293 1045 4361; x_wconf 90' lang='lat' dir='ltr'>et</span> <span class='ocrx_word' id='word_1_235' title='bbox 1077 4279 1185 4361; x_wconf 84' lang='lat' dir='ltr'>facili</span> <span class='ocrx_word' id='word_1_236' title='bbox 1219 4306 1343 4360; x_wconf 92' lang='lat' dir='ltr'>cursu</span> <span class='ocrx_word' id='word_1_237' title='bbox 1385 4279 1574 4362; x_wconf 86' lang='lat' dir='ltr'>transiuit</span> 
     </span>
     <span class='ocr_line' id='line_1_32' title="bbox 168 4399 1573 4510; baseline 0.003 -31"><span class='ocrx_word' id='word_1_238' title='bbox 168 4399 421 4504; x_wconf 86' lang='lat' dir='ltr'>Danubium,</span> <span class='ocrx_word' id='word_1_239' title='bbox 456 4403 554 4510; x_wconf 88' lang='lat' dir='ltr'>quia</span> <span class='ocrx_word' id='word_1_240' title='bbox 585 4404 783 4509; x_wconf 84' lang='lat' dir='ltr'>glaciatus</span> <span class='ocrx_word' id='word_1_241' title='bbox 816 4417 914 4484; x_wconf 86' lang='lat' dir='ltr'>erat.</span> <span class='ocrx_word' id='word_1_242' title='bbox 947 4400 1137 4510; x_wconf 83' lang='lat' dir='ltr'>Cumque</span> <span class='ocrx_word' id='word_1_243' title='bbox 1170 4401 1355 4483; x_wconf 87' lang='lat' dir='ltr'>uenisset</span> <span class='ocrx_word' id='word_1_244' title='bbox 1371 4403 1421 4483; x_wconf 87' lang='lat' dir='ltr'>ad</span> <span class='ocrx_word' id='word_1_245' title='bbox 1441 4402 1573 4509; x_wconf 89' lang='lat' dir='ltr'>quod·</span> 
     </span>
     <span class='ocr_line' id='line_1_33' title="bbox 169 4522 1572 4632; baseline 0.003 -30"><span class='ocrx_word' id='word_1_246' title='bbox 169 4522 263 4603; x_wconf 92' lang='lat' dir='ltr'>dam</span> <span class='ocrx_word' id='word_1_247' title='bbox 297 4550 445 4606; x_wconf 90' lang='lat' dir='ltr'>nemus</span> <span class='ocrx_word' id='word_1_248' title='bbox 480 4552 689 4630; x_wconf 88' lang='lat' dir='ltr'>magnum,</span> <span class='ocrx_word' id='word_1_249' title='bbox 723 4525 827 4604; x_wconf 87' lang='lat' dir='ltr'>dixit</span> <span class='ocrx_word' id='word_1_250' title='bbox 858 4525 954 4626; x_wconf 88' lang='lat' dir='ltr'>suis,</span> <span class='ocrx_word' id='word_1_251' title='bbox 989 4537 1035 4605; x_wconf 91' lang='lat' dir='ltr'>ut</span> <span class='ocrx_word' id='word_1_252' title='bbox 1067 4549 1140 4632; x_wconf 90' lang='lat' dir='ltr'>pro</span> <span class='ocrx_word' id='word_1_253' title='bbox 1173 4523 1406 4606; x_wconf 89' lang='lat' dir='ltr'>recreandis</span> <span class='ocrx_word' id='word_1_254' title='bbox 1454 4524 1572 4632; x_wconf 91' lang='lat' dir='ltr'>equis</span> 
     </span>
     <span class='ocr_line' id='line_1_34' title="bbox 170 4645 1571 4753; baseline 0.001 -27"><span class='ocrx_word' id='word_1_255' title='bbox 170 4645 385 4752; x_wconf 89' lang='lat' dir='ltr'>paululum</span> <span class='ocrx_word' id='word_1_256' title='bbox 426 4661 658 4752; x_wconf 88' lang='lat' dir='ltr'>pausarent.</span> <span class='ocrx_word' id='word_1_257' title='bbox 711 4647 805 4753; x_wconf 91' lang='lat' dir='ltr'>lpse</span> <span class='ocrx_word' id='word_1_258' title='bbox 845 4673 944 4729; x_wconf 89' lang='lat' dir='ltr'>uero</span> <span class='ocrx_word' id='word_1_259' title='bbox 986 4646 1172 4752; x_wconf 87' lang='lat' dir='ltr'>deposito</span> <span class='ocrx_word' id='word_1_260' title='bbox 1205 4658 1335 4748; x_wconf 89' lang='lat' dir='ltr'>scuto,</span> <span class='ocrx_word' id='word_1_261' title='bbox 1377 4647 1497 4727; x_wconf 80' lang='lat' dir='ltr'>linxit</span> <span class='ocrx_word' id='word_1_262' title='bbox 1527 4673 1571 4730; x_wconf 92' lang='lat' dir='ltr'>se</span> 
     </span>
     <span class='ocr_line' id='line_1_35' title="bbox 171 4767 1570 4878; baseline -0.001 -30"><span class='ocrx_word' id='word_1_263' title='bbox 171 4767 385 4850; x_wconf 86' lang='lat' dir='ltr'>confestim</span> <span class='ocrx_word' id='word_1_264' title='bbox 419 4795 695 4874; x_wconf 86' lang='lat' dir='ltr'>reuersurum,</span> <span class='ocrx_word' id='word_1_265' title='bbox 729 4782 770 4850; x_wconf 89' lang='lat' dir='ltr'>et</span> <span class='ocrx_word' id='word_1_266' title='bbox 802 4767 902 4850; x_wconf 87' lang='lat' dir='ltr'>abiit</span> <span class='ocrx_word' id='word_1_267' title='bbox 934 4769 976 4848; x_wconf 93' lang='lat' dir='ltr'>in</span> <span class='ocrx_word' id='word_1_268' title='bbox 1009 4794 1159 4878; x_wconf 89' lang='lat' dir='ltr'>opacas</span> <span class='ocrx_word' id='word_1_269' title='bbox 1190 4780 1328 4876; x_wconf 88' lang='lat' dir='ltr'>partes</span> <span class='ocrx_word' id='word_1_270' title='bbox 1349 4767 1570 4874; x_wconf 74' lang='lat' dir='ltr'>siluarum,</span> 
     </span>
    </p>
   </div>
   <div class='ocr_carea' id='block_1_3' title="bbox 275 5041 443 5150">
    <p class='ocr_par' dir='ltr' id='par_1_4' title="bbox 275 5041 443 5150">
     <span class='ocr_line' id='line_1_36' title="bbox 275 5041 443 5150; baseline 0.006 -34"><span class='ocrx_word' id='word_1_271' title='bbox 275 5041 301 5150; x_wconf 84' lang='lat'>¹)</span> <span class='ocrx_word' id='word_1_272' title='bbox 330 5045 374 5117; x_wconf 89' lang='lat' dir='ltr'>et.</span> <span class='ocrx_word' id='word_1_273' title='bbox 404 5043 443 5120; x_wconf 85' lang='grc' dir='ltr'>Τ.</span> 
     </span>
    </p>
   </div>
   <div class='ocr_carea' id='block_1_4' title="bbox 0 0 1952 5750">
    <p class='ocr_par' dir='ltr' id='par_1_5' title="bbox 0 0 1952 5750">
     <span class='ocr_line' id='line_1_37' title="bbox 0 0 1952 5750; baseline 0 0"><span class='ocrx_word' id='word_1_274' title='bbox 0 0 1952 5750; x_wconf 95' lang='lat' dir='ltr'> </span> 
     </span>
    </p>
   </div>
  </div>
 </body>
</html>
