4024 5776
819 517 821 522 ’
873 471 1026 592 --Ιᾎῑ-

246 712 405 792 t'ortiter
437 736 686 817 expugnare
721 707 930 788 ciuitatum
965 708 1127 788 nitriam
1162 711 1302 791 multis
1336 713 1480 794 modis.
1502 712 1553 796 Et
1580 715 1651 795 ‹le-

244 834 304 914 dit
337 835 395 914 cis
428 833 621 912 domirms
655 831 876 910 uictoriam
911 857 1117 933 inagnum,
1138 847 1176 912 ct
1206 850 1439 939 pugmmtcs
1472 838 1651 919 intrane-

247 973 341 1037 rnnt
374 983 479 1056 carn,
513 967 554 1035 et
585 957 702 1034 tirsus
733 952 736 1055 Ι
767 966 828 1032 est
863 981 934 1058 per
968 983 1036 1030 uos
1071 954 1125 1033 ill
1144 956 1310 1058 sanguis
1330 959 1552 1040 nmltorum
1581 962 1652 1041 nd·

246 1079 534 1160 uersariorum.
571 1076 687 1156 'l'unc
720 1074 929 1155 iracundia
961 1072 964 1178 Ι
995 1075 1107 1155 ducti
1125 1076 1350 1158 Zubmium
1375 1081 1523 1161 ducem
1545 1082 1714 1178 illimes

246 1201 470 1307 prouincie,
505 1225 630 1306 (prtem
664 1197 815 1278 nudius
856 1196 1008 1277 tercius
1050 1215 1265 1305 ceperant,
1300 1230 1425 1308 supro
1467 1219 1649 1286 montem

245 1323 460 1406 excelsum
497 1323 708 1420 ducentes,
744 1320 892 1424 luqnco
926 1320 1133 1424 suspende
1148 1336 1252 1403 runt.
1284 1323 1401 1403 Vnde
1421 1351 1539 1406 rnons
1571 1327 1651 1416 ille,

243 1475 266 1525 n
301 1445 366 1525 die
399 1445 469 1524 illo
502 1470 635 1549 usque
669 1467 779 1522 nunc
813 1468 932 1520 mons
951 1444 1091 1522 zubm·
1116 1459 1392 1550 numupotnr.
1414 1447 1465 1527 Et
1486 1464 1653 1556 proptor

245 1567 323 1648 lior
358 1569 515 1647 factum
547 1566 776 1645 tinnierunt
809 1591 902 1643 eum
939 1589 1083 1644 omnes
1112 1565 1117 1671 Ι
1147 1565 1334 1648 lmmincs
1368 1568 1476 1651 illius
1509 1572 1651 1676 patrie,

244 1709 284 1770 ct
319 1717 464 1770 omnes
497 1687 657 1768 nobiles
688 1686 793 1766 lilios
826 1712 923 1766 suos
957 1686 996 1764 in
1031 1686 1195 1767 obsides
1230 1687 1234 1797 Ι
1269 1691 1325 1770 cis
1364 1691 1577 1795 dederunt,
1612 1707 1712 1782 et30

242 1839 390 1894 ‹mmes
423 1811 611 1892 nationes
646 1808 753 1890 illius
786 1823 890 1888 terre
928 1837 971 1887 se
1016 1808 1354 1924 subingauejrunt
1393 1815 1468 1900 sibi
1518 1844 1651 1922 usqne

242 1935 293 2014 ad
328 1934 505 2016 lluuimn
523 1931 639 2035 ll'og.
658 1931 708 2010 ltt
723 2035 726 2044 Ι
741 1931 835 2038 quin
870 1931 1006 2033 gracia
1038 1931 1104 2011 dei
1126 1932 1400 2014 antecedebat
1429 1937 1434 2040 Ι
1465 1967 1545 2040 eos,
1564 1965 1647 2017 non

242 2055 506 2138 solummodo
527 2055 634 2161 ipsos
653 2054 993 2156 subinganernnt,
1006 2082 1153 2133 nerum
1174 2056 1296 2135 etiam
1317 2059 1452 2138 onuria
1482 2063 1488 2168 Ι
1518 2075 1646 2140 castra

243 2207 388 2259 eorum
425 2189 635 2284 ceperunt,
671 2203 846 2282 qnorum
879 2175 1046 2255 nomina
1081 2176 1156 2256 lrec
1190 2193 1287 2258 sunt
1328 2207 1461 2287 usque
1504 2182 1649 2262 modo:

241 2295 444 2416 Stum2tey
479 2299 698 2406 (¹olgoocy,
733 2297 894 2379 'l'rnsun
927 2297 1115 2380 Blundus
1150 2313 1190 2379 et
1222 2301 1347 2402 Bana,
1366 2315 1406 2382 et
1433 2304 1626 2386 ordinatis
1645 2349 1761 2418 ¹illim

243 2423 486 2505 custodibus
520 2435 758 2522 castrorum,
793 2421 957 2500 inerunt
990 2421 1195 2527 usquead
1219 2422 1395 2505 tlmrium
1428 2453 1580 2507 moron.
1602 2427 1651 2507 lo

182 2569 191 2585 ·
241 2545 411 2626 firmatis
441 2547 446 2651 Ι
475 2543 697 2624 obstaculis
737 2542 1037 2622 constituerunt
1071 2545 1265 2624 terminos
1298 2547 1410 2652 regni
1446 2548 1649 2654 hungaro-

242 2696 334 2748 rum
367 2693 502 2772 usqne
536 2667 586 2746 ad
622 2666 833 2765 Boronam
869 2679 909 2743 et
940 2693 1074 2771 nsque
1108 2666 1158 2745 ad
1193 2693 1375 2750 sarnunr.
1417 2669 1468 2750 Et
1500 2672 1650 2778 adepta

242 2788 602 2895 uictoriarenersi
635 2803 732 2870 sunt
764 2786 813 2866 ad
849 2785 1006 2900 (lucem
1041 2789 1165 2894 nrpad
1203 2803 1242 2868 et
1275 2818 1419 2874 onmes
1463 2792 1648 2873 infideles

244 2913 354 2994 illius
387 2924 492 2991 terre
524 2911 665 2991 ferreis
699 2907 883 2989 cathenis
918 2902 1069 3024 ligatos
1103 2939 1245 2991 secum
1280 2913 1502 2996 duxerunt.
1522 2915 1682 3006 (lion-5

241 3061 324 3141 qne
358 3032 480 3114 zuard
515 3033 667 3114 caduso
700 3058 778 3112 nec
810 3057 891 3111 non
927 3031 1038 3112 lmbn.
1079 3032 1128 3112 nd
1160 3035 1164 3138 Ι
1194 3033 1344 3116 ‹lnccm
1383 3039 1508 3143 arpad
1553 3068 1646 3119 cnm

240 3155 436 3237 onrnibus
470 3154 644 3262 captiuis
677 3154 761 3234 suis
795 3154 1007 3234 uenissent
1038 3155 1125 3235 sani
1160 3171 1200 3235 et
1222 3157 1472 3265 incolumes,
1491 3164 1646 3242 lirctnm

240 3295 304 3360 est
335 3277 534 3382 gaudium
567 3305 764 3382 magnum
799 3275 840 3354 in
873 3277 984 3356 curia
1017 3277 1145 3362 ducis.
1176 3276 1269 3359 llux
1289 3281 1414 3386 arpad
1445 3281 1449 3391 Ι
1479 3283 1647 3364 consilio

242 3415 285 3480 et
316 3399 523 3507 peticione
556 3427 726 3482 suorum
758 3398 971 3492 nobilium,
991 3399 1162 3480 ‹lonanit
1193 3417 1364 3509 accepto
1391 3401 1645 3518 iuramento]
1676 3423 1679 3430 '

240 3522 472 3604 infidelium
529 3535 656 3602 terras
699 3521 737 3599 in
783 3520 955 3602 diuersis
1007 3521 1123 3626 locis,
1173 3524 1365 3630 predictis
1414 3526 1646 3608 infidelibus

241 3645 294 3726 de
336 3644 522 3751 partibus
564 3643 696 3751 nytrie
730 3638 735 3750 Ι
770 3641 916 3724 ductis.
961 3643 1011 3722 Vt
1051 3671 1103 3724 ne
1136 3645 1358 3751 aliquando
1402 3648 1707 3742 infidelioreslo

239 3767 349 3868 facti,
388 3766 646 3871 repatriando
680 3779 877 3845 nocerent
909 3766 985 3846 sini
1018 3765 1219 3848 fidelibus
1251 3770 1291 3848 in
1320 3770 1496 3851 confinio
1529 3771 1647 3852 nitrie

243 3888 540 3969 lralritmtilms.
575 3888 623 3967 Et
657 3888 695 3966 in
730 3887 877 3967 eodem
909 3887 1058 3992 gaudio
1091 3889 1176 3969 dux
1207 3883 1340 3998 aernd
1364 3892 1519 3974 hubam
1551 3895 1649 3974 fecit

242 4011 439 4091 comitem
471 4011 722 4110 luniensem,
757 4020 798 4088 et
830 4009 1003 4091 aliorum
1053 4026 1289 4095 castrorum.
1342 4013 1393 4095 Et
1435 4015 1547 4096 dedit
1575 4017 1580 4122 Ι
1610 4016 1645 4096 ei

241 4147 391 4212 terram
428 4133 632 4238 propriam
667 4131 783 4211 iuxta
813 4131 989 4213 fluuium
1022 4145 1173 4240 sytuua
1205 4163 1338 4241 usque
1372 4137 1424 4218 ad
1460 4137 1647 4247 sil(uam)

244 4271 395 4336 tursoc.
428 4248 744 4325 XXXVIII
781 4250 851 4329 De
887 4249 1092 4329 exercitu
1128 4273 1374 4354 grecorum
1411 4261 1458 4333 et
1482 4253 1647 4357 bulga-

242 4394 413 4453 rorum.

244 4499 407 4580 lnterea
439 4497 523 4579 dux
558 4497 723 4580 solanus
752 4495 757 4608 Ι
787 4498 886 4580 dum
919 4498 1191 4582 intellexisset
1222 4503 1454 4610 potenciam
1479 4519 1519 4586 et
1538 4505 1706 4597 tircta>15

246 4621 536 4725 hungarorum,
571 4621 717 4722 timuit,
737 4634 782 4701 ut
813 4648 866 4701 ne
896 4620 901 4731 Ι
930 4621 1152 4728 aliquando
1187 4626 1397 4707 imcuudia
1414 4628 1525 4708 ducti
1548 4657 1643 4709 enm

247 4743 506 4850 expellerent
537 4742 589 4822 de
621 4769 745 4847 regno
763 4770 851 4824 suo.
869 4742 985 4824 'l'unc
1018 4740 1126 4858 inlito
1144 4749 1312 4828 consilio
1334 4776 1500 4830 suorum
1535 4750 1646 4832 irrisit

245 4865 400 4970 legatos
433 4891 530 4946 suos
563 4863 614 4944 ad
647 4863 936 4972 imperatorem
970 4895 1196 4971 grecorum,
1224 4883 1266 4951 et
1292 4874 1297 4974 Ι
1327 4871 1475 4952 ducem
1499 4873 1644 4977 bulga-

246 5013 395 5090 rorum,
427 5001 474 5068 ut
505 4985 583 5068 sibi
615 4987 817 5069 auxilium
850 4988 1005 5094 darent,
1025 5017 1149 5074 causa
1169 5020 1308 5100 pugne
1342 5007 1483 5075 contre
1506 4987 1642 5110 aerad
