3898 5752
917 471 1072 576 *ao-2-

294 688 407 760 torum
435 689 469 760 et
495 686 662 761 laetorum
692 683 776 760 tatia
803 689 934 761 mutare
963 710 1031 762 non
1059 688 1158 763 solet.
1180 685 1312 782 Capitis
1340 685 1420 763 1v-i
1439 711 1473 782 p.
1494 691 1530 761 4.
1551 685 1613 762 tin.
1635 687 1697 762 32.

297 807 447 902 ,fastum
476 813 528 881 est
557 807 633 883 duei
662 809 751 903 ugek
779 812 813 882 et
841 809 913 883 suis
942 809 1099 904 cognatis
1127 833 1289 905 magnum
1317 809 1501 906 gaudium“
1534 808 1699 884 extremis

292 929 433 1006 roribus
461 929 564 1025 sigua
590 929 855 1024 permutationis
884 929 1116 1026 imponuntur,
1146 933 1240 1006 uelut
1268 931 1304 1004 iu
1333 955 1406 1024 444.
1428 933 1527 1006 XIV.
1548 929 1609 1006 lin.
1636 925 1698 1006 33.

297 1051 394 1140 ,ausi
423 1052 534 1125 faeere
562 1051 735 1126 fuissent“
766 1057 804 1126 ut
832 1053 967 1145 legatur
995 1053 1196 1146 utrobique:
1231 1053 1414 1148 „grandium
1442 1060 1623 1147 magnum“
1651 1051 1699 1124 si·

294 1173 364 1248 euti
399 1197 462 1247 nos
491 1173 644 1248 dedimus
672 1176 707 1248 et
730 1173 862 1265 ,faeere
892 1173 969 1248 ausi
996 1175 1179 1250 fuissent.“
1204 1176 1298 1270 Quod
1318 1173 1444 1248 nemini
1466 1179 1602 1268 praeter
1620 1197 1698 1248 aue·

294 1300 403 1369 torem
431 1295 466 1369 in
496 1300 642 1368 urentem
671 1295 832 1370 uertisset.
866 1297 1003 1371 Primus
1031 1303 1122 1372 certe
1150 1297 1262 1372 editor
1291 1297 1536 1372 Sohuandtner
1563 1295 1698 1395 (into)

295 1422 330 1492 et
371 1416 512 1493 ultimus
545 1417 730 1494 Endlieher·
770 1421 916 1513 (4849),
946 1419 1027 1493 lieet
1069 1420 1169 1515 signa
1213 1419 1372 1510 viderint,
1402 1443 1442 1495 ea
1482 1420 1518 1494 in
1558 1416 1699 1492 roribus

298 1563 481 1634 „magnum
508 1540 693 1634 gaudium‘
726 1543 763 1614 ut
791 1563 863 1614 rem
891 1542 1019 1615 nullius
1048 1542 1208 1617 momenti
1237 1545 1335 1616 ambo
1364 1545 1596 1637 praetereunt,
1622 1561 1694 1614 ser·

296 1667 443 1756 eantque
471 1661 622 1755 primurn
651 1662 824 1751 ordinem;
862 1662 898 1736 in
939 1663 1035 1751 ,ausi
1073 1664 1205 1739 faeer·e“
1245 1664 1430 1739 Endliohor
1467 1665 1561 1740 solus
1597 1663 1696 1756 paret

296 1783 425 1859 monito
454 1785 676 1875 recensentis,
710 1785 834 1878 datque
868 1787 1000 1878 ,faeere
1029 1785 1138 1860 ausi.“
1170 1789 1264 1862 Haeo
1287 1791 1325 1860 ut
1344 1786 1502 1874 vidimus,
1523 1809 1584 1858 444
1605 1788 1695 1858 tran·

296 1905 500 2001 scriptorem
528 1930 590 1983 neo
618 1909 780 1980 lectorem
801 1908 924 1997 solent,
945 1908 1097 2002 quamvis
1117 1907 1253 2004 signata
1272 1907 1413 1998 morari;
1441 1912 1560 1983 auotor
1579 1911 1695 1979 tamen

294 2027 351 2122 qui
380 2051 514 2124 semper
542 2034 576 2103 et
603 2029 729 2122 ubique
765 2031 915 2117 ,sactum
943 2034 998 2105 est
1023 2029 1185 2126 gaudium
1213 2039 1394 2125 maguum‘¹
1427 2028 1551 2105 solitus
1583 2028 1697 2100 fuerat

299 2150 412 2226 dieere
441 2154 475 2226 et
503 2151 663 2243 seribere,
692 2149 990 2246 operaepretium
1019 2153 1129 2226 faeere
1157 2154 1301 2246 putabat
1329 2151 1358 2225 si
1388 2175 1537 2226 errorem
1565 2151 1698 2226 soritae

292 2273 510 2348 correxisset.
539 2273 627 2348 Vide
656 2272 770 2367 eapite
801 2277 847 2348 18
878 2275 927 2348 30
956 2276 1004 2348 38
1034 2277 1082 2348 43
1113 2277 1162 2348 40
1190 2277 1224 2347 ot
1249 2275 1297 2347 22
1322 2273 1454 2368 ,ganisi
1474 2277 1555 2348 sunt
1572 2272 1697 2368 gaudio

292 2396 575 2489 4444444144.α
608 2395 670 2469 Bis
698 2399 831 2469 tantum
862 2395 1010 2469 oeeurrit
1042 2418 1187 2490 ,magno
1214 2394 1364 2490 gaudini
1394 2419 1491 2490 eapp.
1534 2400 1590 2484 17,
1634 2397 1696 2486 ⁶29,

292 2519 350 2593 sed
379 2519 421 2592 ad
449 2520 553 2593 rerba
584 2517 760 2610 ,egressi“
797 2521 832 2590 et
855 2517 1027 2612 ,receptu
1051 2519 1211 2608 refertur,
1234 2523 1268 2593 et
1286 2517 1506 2612 praeterierit
1530 2523 1568 2592 ut
1592 2517 1700 2591 multa

291 2641 359 2716 alia
386 2638 611 2714 attentionem
645 2639 795 2714 auctoris
824 2639 1045 2716 recensentis

447 2761 604 2836 ntorum
631 2761 799 2856 recogniti
828 2763 870 2836 ab
903 2766 1041 2838 auotore
1077 2766 1258 2838 oontextus
1296 2761 1482 2858 vestigium
1518 2758 1693 2837 inuenisse

292 2887 452 2979 putamus
481 2884 516 2958 in
544 2883 669 2978 eapitis
698 2887 745 2958 56
776 2884 867 2958 linea
898 2885 943 2958 17
963 2907 1003 2958 a:
1037 2884 1243 2974 ,Taurinam
1270 2885 1446 2960 ciuitatem
1469 2881 1692 2978 opulentissi-

293 3029 381 3081 mam
409 3010 603 3101 (oeperunt)
645 3010 962 3102 expugnaverunt.“
1008 3008 1085 3080 Vox
1123 3005 1245 3082 ultima
1288 3030 1395 3102 supra
1435 3005 1692 3100 praecedentem

292 3130 429 3227 punctis
458 3129 631 3224 signatam
659 3128 798 3223 seripta.

446 3254 524 3327 Non
552 3252 687 3326 ridetur
714 3274 794 3326 uero
824 3250 936 3326 simile
965 3249 1071 3324 aliurn
1094 3252 1271 3344 quomdam
1294 3255 1428 3345 praeter
1446 3250 1559 3347 ipsum
1577 3250 1692 3323 aueto-

292 3400 364 3451 rem
391 3373 678 3471 permutationem
704 3375 791 3448 hane
819 3373 930 3448 faeere
958 3372 1126 3467 potuisse.
1157 3375 1351 3448 Secundum
1379 3374 1471 3448 enirn
1496 3395 1623 3448 rnorem
1643 3372 1693 3446 lo·

292 3499 417 3594 quendi
444 3499 480 3572 in
507 3498 571 3572 hoe
599 3519 700 3590 opere
728 3495 896 3570 usitatum
922 3495 1079 3570 civitates
1108 3498 1143 3568 et
1180 3500 1295 3571 eastra
1332 3518 1506 3590 nunquam
1541 3517 1692 3588 ,expug-

292 3624 438 3694 nantur“
471 3642 605 3713 semper
635 3617 875 3715 ,capiuntur.“
907 3616 994 3691 Vide
1021 3616 1154 3711 capita:
1186 3623 1235 3692 34
1267 3620 1315 3692 37
1345 3619 1394 3691 42
1423 3621 1471 3692 43
1502 3622 1550 3691 44
1570 3618 1619 3690 45
1643 3619 1692 3690 49

291 3747 325 3819 et
353 3747 414 3818 56,
444 3743 602 3817 Castrum
644 3740 747 3815 etiarn
787 3741 920 3814 Borsoa
966 3741 1171 3832 ,pugnando
1213 3739 1517 3835 apprehenditur.“
1563 3762 1593 3814 4.
1634 3740 1692 3811 14.

295 3867 546 3960 ,Expugnare“
578 3862 657 3937 huie
686 3861 846 3956 scriptori
875 3861 966 3936 idem
992 3861 1128 3937 ridetur
1161 3886 1237 3938 esso
1265 3886 1304 3937 ae
1336 3863 1535 3951 ,devastare
1562 3881 1695 3956 oppug-

293 4011 387 4080 nare,
417 3987 612 4061 invadore.“
657 3981 778 4058 Almus
815 3985 884 4057 dux
921 3983 1094 4059 ciuitatem
1121 3986 1220 4081 Kyeu
1258 3989 1444 4079 expugnat,
1474 4005 1541 4057 uon
1579 3987 1691 4056 tamen

291 4109 394 4203 capit.
424 4131 452 4184 4.
485 4113 518 4182 9.
549 4108 759 4202 Expugnant
785 4104 957 4200 Hungari,
986 4105 1095 4179 idest:
1125 4106 1290 4181 invadunt
1314 4108 1494 4181 devastant
1512 4103 1694 4180 Franciam

291 4239 326 4306 et
353 4231 512 4308 Galliam.
552 4253 580 4306 4.
619 4232 681 4303 45.
724 4231 818 4304 Haeo
853 4229 1046 4304 observatio
1086 4228 1265 4304 eonfirmat
1302 4227 1498 4322 opinionem
1526 4230 1690 4316 nostrum,

291 4357 420 4430 nullam
448 4353 550 4428 aliam
578 4351 689 4426 tuisse
717 4374 853 4426 eausam
872 4349 1105 4425 substituendi
1129 4353 1455 4444 ,expugnaremus
1480 4372 1543 4442 pro
1572 4369 1693 4440 ,espe-

292 4481 383 4569 runt,
413 4474 482 4550 nisi
509 4480 548 4549 ut
576 4474 724 4549 evitetur
752 4473 905 4547 eiusdem
931 4472 1026 4548 verbi
1060 4471 1221 4547 continua
1257 4471 1429 4566 repetitio.
1472 4469 1693 4545 Praecedenti

293 4599 455 4674 nimirum
483 4597 575 4672 linea
608 4597 797 4690 ,Segusam
825 4599 988 4689 oeperunt
1016 4594 1212 4669 ciuitatem‘
1245 4597 1401 4669 steterat.
1447 4595 1549 4668 Tales
1576 4594 1694 4668 obser·

291 4721 447 4796 rationes
480 4725 515 4796 et
552 4718 818 4809 emendationes,
858 4721 1017 4793 auctores
1053 4716 1121 4811 ipsi
1158 4739 1227 4791 non
1260 4715 1545 4812 transscriptores
1581 4715 1694 4792 faeere

292 4845 415 4918 solent.
