3900 5762
380 729 542 846 expulit
589 736 780 820 virtuose.
828 737 910 820 Iste
959 738 1083 820 etiam
1116 739 1326 822 ciuitatem
1361 741 1525 823 Budum
1539 738 1568 848 ¹)
1603 769 1678 824 suo
1711 744 1785 822 do-

377 861 505 942 minio
538 860 787 965 subiugauit,
820 860 1121 968 dominumque
1153 861 1424 968 Bulgarorum
1455 891 1503 944 eo
1522 865 1688 945 viueute
1707 865 1783 946 sibi

378 982 579 1090 compulit
626 981 804 1064 obedire.
834 981 1032 1088 ¹Migrans
1073 984 1241 1066 tandem
1275 1012 1330 1064 ex
1362 985 1441 1066 hoc
1473 986 1627 1088 secum,
1672 987 1784 1067 etin

377 1107 512 1186 insula
542 1118 690 1186 rorata
721 1098 889 1212 Beate²)
924 1103 1099 1211 Virginis
1147 1107 1187 1187 iu
1239 1108 1412 1187 cenobio
1457 1108 1697 1189 monialium
1725 1137 1787 1189 re·

377 1227 553 1336 quiescit
585 1226 827 1309 tumulatus.

952 1434 1129 1518 CAPUT
1161 1437 1210 1518 V.

533 1650 603 1730 46.
635 1647 731 1730 Post
762 1645 873 1727 hunc
905 1658 1050 1752 regnat
1095 1646 1308 1728 Ladislaus
1353 1648 1497 1730 tertius
1539 1646 1647 1729 filius
1681 1649 1781 1731 eius,

254 1754 257 1766 ⁵
375 1771 452 1854 llic
486 1771 594 1852 enim
644 1768 843 1877 puerulus
892 1767 934 1848 in
981 1767 1094 1873 regni
1143 1767 1291 1851 solium
1326 1767 1505 1850 Domino
1539 1768 1785 1876 disponente

375 1908 605 1978 coronatur.
639 1891 760 1975 Istius
793 1885 930 1996 ergo³)
964 1891 1110 1972 diebus
1144 1918 1218 1972 rex
1253 1885 1494 1998 (lta'car·us⁴)
1522 1891 1783 1994 boemorum,

375 2017 530 2125 quide
565 2016 652 2097 iure
700 2011 860 2119 imperii
907 2012 1027 2118 plura
1074 2012 1151 2094 sibi
1201 2029 1475 2119 usurpauerat
1518 2013 1568 2093 de
1601 2015 1711 2094 facto
1745 2030 1786 2096 et

374 2139 537 2240 iniuste,
569 2137 681 2218 unde
713 2129 863 2240 riros⁵)
897 2147 1147 2216 resumserat
1178 2160 1227 2216 ao
1280 2136 1505 2241 potentiam
1543 2135 1783 2234 inauditam,

376 2263 416 2342 in
451 2258 636 2340 confiniis
683 2255 893 2360 Huugarie
941 2256 1196 2338 lacerauerat
1235 2256 1276 2335 in
1310 2257 1483 2339 diuersis
1517 2257 1616 2338 locis
1650 2259 1783 2338 maxi·

374 2409 485 2463 mam
535 2380 778 2488 portionem,
827 2405 901 2486 pro
950 2404 1034 2484 qua
1075 2405 1128 2459 ex
1162 2379 1251 2486 ipso
1285 2379 1373 2460 eius
1405 2379 1565 2484 genitor
1595 2379 1783 2462 nondum

375 2516 588 2611 receperat
634 2501 799 2607 dignam
848 2499 1028 2580 vindicte
1078 2500 1289 2602 ultionem,
1329 2526 1377 2581 co
1411 2502 1521 2608 quod
1556 2517 1784 2608 preuentus

376 2643 484 2709 esset
530 2636 662 2705 morte
710 2623 928 2730 insperate.
976 2619 1057 2702 Sed
1107 2650 1202 2702 cum
1247 2622 1352 2701 inter
1384 2623 1461 2704 ista
1495 2623 1783 2730 llanrannie⁶)

374 2747 582 2857 principes
630 2743 896 2851 Rudolplmm
945 2744 1137 2825 comiteur
1188 2744 1238 2824 (le
1286 2743 1537 2827 Habusburc
1585 2744 1626 2824 in
1671 2747 1784 2827 ouria

375 2865 691 2952 llrancuurtensi
726 2867 766 2946 iu
798 2891 939 2972 regem
980 2865 1057 2948 sibi
1100 2867 1380 2972 prefecissent,
1424 2881 1471 2948 ut
1504 2866 1663 2974 imperii
1695 2869 1784 2950 iura

375 3020 457 3100 que
490 3003 606 3074 eraut
638 3001 840 3096 occupata
871 2987 1042 3069 deberet
1073 3014 1280 3089 reuocare,
1313 2988 1401 3096 ipse
1418 3003 1633 3096 tamquam
1651 2988 1785 3097 pheu-

374 3117 522 3198 dorum
553 3111 829 3220 imperialium
862 3108 1168 3216 redintegrator‚
1203 3110 1242 3190 in
1276 3111 1499 3214 Austriam‚
1535 3138 1618 3218 que
1651 3113 1786 3194 fuerat

376 3266 450 3347 per
482 3235 704 3318 Otacarum
753 3232 900 3313 inuasa
932 3247 973 3312 et
1004 3257 1206 3338 possessa,
1240 3232 1430 3340 primitus
1464 3233 1658 3315 introiuit.
1693 3231 1785 3329 Quo

375 3359 542 3466 quidem
577 3356 737 3437 Vienne
770 3353 924 3435 diutius
957 3353 1175 3456 residente,
1225 3381 1272 3435 ac
1307 3355 1395 3436 lura
1426 3383 1502 3438 sua
1534 3354 1586 3436 de
1619 3355 1785 3438 Boemis

373 3482 609 3590 requirente
640 3505 715 3559 rex
749 3475 969 3557 Boemicus
1003 3490 1144 3557 contra
1178 3504 1272 3558 cum
1292 3490 1375 3556 tam
1396 3475 1649 3558 immensum
1672 3503 1786 3560 com-

374 3604 506 3685 mouit
537 3600 768 3683 exercitum
801 3627 848 3678 ac
882 3593 1197 3705 pe1·uati‹tum,⁷)
1247 3599 1356 3704 quod
1408 3599 1581 3707 propriis
1630 3599 1786 3681 riribus

375 3723 622 3806 Alamannia
655 3721 845 3830 princeps
880 3719 914 3800 ei
959 3719 1147 3802 resistere
1196 3720 1413 3801 (dubitaret.
1464 3721 1631 3828 Propter
1673 3723 1786 3828 quod

376 3873 471 3953 ergo
504 3844 714 3950 Hungaric
747 3870 885 3948 regem
919 3842 1188 3946 magnificum
1232 3855 1443 3949 tamquam
1479 3843 1610 3924 filium
1643 3860 1785 3925 sancte

376 3969 550 4051 ecclesie
598 3964 798 4047 catholice
846 3964 924 4045 sibi
971 3963 1198 4070 postulauit
1247 3964 1456 4046 humiliter
1494 3965 1531 4045 in
1566 3965 1785 4068 auxilium,

375 4105 577 4199 perpetua
623 4085 803 4169 amicitia
860 4085 1043 4193 scipsum
1104 4100 1323 4194 etquoptrr
1368 4085 1502 4168 cidem
1552 4086 1785 4192 obligando,

375 4213 586 4295 Adliciens
634 4211 814 4316 insuper,
862 4208 981 4289 utin
1017 4233 1065 4288 co
1114 4233 1281 4315 quoque
1315 4207 1464 4290 Sancte
1498 4209 1672 4292 ecclesie
1705 4209 1786 4291 Ro·

375 4363 498 4417 mane
531 4359 742 4416 summum
793 4329 1006 4412 seruitimn
1056 4329 1253 4410 exhibere
1287 4329 1504 4412 videretur.
1554 4331 1646 4438 lpse
1690 4359 1785 4413 tero

375 4456 531 4540 auxilio
564 4453 685 4536 simili
719 4447 1012 4558 quocunqucl)
1046 4479 1070 4532 a
1102 4477 1196 4558 rege
1229 4452 1439 4558 Hungarie
1471 4454 1576 4534 foret
1614 4453 1785 4560 requisi·

377 4594 454 4682 tue,
490 4577 661 4658 deberet
692 4574 925 4657 subvenire.
974 4571 1080 4668 (luia
1118 4599 1214 4654 vero
1247 4573 1460 4658 Ladislaus
1491 4574 1784 4680 Hungarorum

377 4729 450 4782 rex
486 4701 525 4780 iu
560 4698 681 4780 corde
715 4712 756 4777 et
787 4696 925 4777 animo
963 4695 1200 4776 occultabat
1231 4695 1394 4777 Otacari
1426 4696 1783 4805 presumptionem

489 4939 512 5039 ’)
543 4940 662 5013 bodun
707 4935 733 5035 ¹)
764 4937 970 5012 beatissime.
1002 4939 1030 5027 ³)
1059 4936 1106 5010 iu.
1135 4937 1211 5009 add.
1241 4938 1306 5010 He.
1337 4931 1364 5026 ⁴)
1386 4938 1564 5023 Otocarus,
1594 4937 1718 5031 ubique
1746 4937 1782 5011 iu

379 5043 599 5139 sequentibus
627 5043 690 5116 He.
723 5039 854 5140 ⁰)rircs.
886 5044 912 5131 ⁰)
942 5040 1142 5114 Alcrnanuie
1173 5036 1199 5139 ἵ)
1215 5041 1438 5134 preualidmu.
1458 5039 1485 5133 8)
1502 5043 1782 5134 quantocunque.
