4024 5776
915 1117 952 1198 1.

400 1329 672 1500 llllncnsrm
720 1327 776 1518 Ι).
821 1327 1012 1510 {leuas
1057 1373 1211 1437 neers
1257 1375 1469 1440 nornnn
1591 1441 1595 1449 ,

474 1603 741 1740 costr
792 1599 1399 1740 HUNotttoRUtt

407 1991 574 2094 Incipit
602 1989 827 2094 prologus
854 1990 901 2067 in
928 1996 1066 2092 gesta
1093 1989 1423 2096 hungarorum.
1439 1998 1464 2086 ¹)
1652 1997 1671 2067 1

397 2205 438 2284 P.
472 2205 606 2285 (lictus
640 2202 832 2307 magister
860 2199 865 2310 Ι
894 2229 942 2282 ac
975 2204 1182 2308 ‹promlam
1207 2207 1315 2286 bone
1341 2207 1538 2286 memorie
1556 2206 1642 2312 glo·

237 2326 453 2410 riosissimi
486 2325 583 2406 Bele
616 2325 721 2430 regis
751 2321 755 2434 Ι
784 2324 982 2427 hungarie
1016 2327 1199 2408 notarius
1223 2328 1258 2406 N
1285 2355 1359 2410 suo
1378 2329 1642 2410 dilectissimo

238 2449 375 2532 amico
394 2449 481 2530 uiro
511 2450 516 2556 Ι
544 2446 773 2528 uenerabili
791 2461 831 2526 et
848 2461 932 2526 arte
959 2446 1143 2530 litteralis
1161 2450 1338 2531 sciencie
1356 2451 1516 2532 imbuto
1534 2451 1643 2532 salu-

238 2591 324 2654 tem
355 2575 360 2678 Ι
390 2585 430 2651 et
461 2596 535 2652 sue
567 2567 782 2676 peticionis
815 2569 1021 2648 affectum.
1047 2569 1155 2651 Dum
1191 2573 1288 2652 olim
1321 2574 1361 2653 in
1390 2573 1535 2654 scolari
1557 2589 1677 2660 stu-5

239 2695 308 2775 ‹lio
338 2693 343 2804 Ι
372 2693 494 2774 simul
527 2717 724 2791 essemus,
759 2703 799 2770 et
833 2691 872 2769 in
906 2689 1086 2798 hystoria
1118 2694 1287 2796 troiana,
1307 2721 1431 2800 quam
1451 2722 1525 2800 ego
1548 2724 1640 2776 enm

240 2841 407 2898 summo
440 2840 579 2895 amore
609 2815 613 2919 Ι
643 2813 889 2919 complexus
923 2839 974 2891 ex
1012 2813 1123 2896 libris
1157 2815 1500 2923 tlarcthisplnigii
1534 2833 1644 2898 cete-

241 2963 466 3044 torumque
515 2950 744 3036 anctorum,
790 2935 896 3016 sicut
939 2959 960 3016 a
1006 2932 1216 3047 mafgistris
1260 2938 1362 3019 meis
1404 2939 1643 3020 audiueram

242 3062 282 3142 in
319 3087 447 3140 unum
483 3058 679 3138 uolumen
722 3057 886 3164 proprio
923 3057 1015 3138 stilo
1059 3059 1378 3166 compilaneram
1410 3064 1414 3166 Ι
1444 3063 1529 3167 pari
1571 3086 1646 3142 uo-

242 3184 403 3266 luntate
435 3180 679 3284 legeremus,
723 3179 859 3286 petisti
898 3205 919 3257 a
954 3207 1033 3280 me,
1071 3195 1118 3261 ut
1154 3183 1260 3262 sieut
1299 3182 1520 3290 hystoriam
1556 3199 1645 3262 tro·

243 3307 382 3386 ianam
414 3301 607 3408 bellaque
640 3327 855 3406 grecorum
888 3301 1144 3406 scripseram,
1191 3305 1247 3384 ita
1288 3316 1329 3384 et
1364 3304 1646 3407 genealogiam
1661 3317 1708 3389 10

244 3453 390 3532 regum
421 3421 426 3534 Ι
456 3423 652 3528 hungarie
704 3437 745 3504 et
789 3421 990 3502 nobilium
1034 3450 1215 3527 suornm,
1264 3425 1439 3532 qualiter
1486 3439 1646 3532 septem

244 3545 495 3658 principales
536 3571 711 3652 persone
745 3546 749 3650 Ι
785 3573 866 3652 que
907 3542 1164 3652 lletumoger
1202 3561 1416 3645 uocantur,
1458 3548 1509 3626 (le
1542 3563 1647 3628 terra

244 3668 416 3754 scithica
465 3667 781 3768 descenderunt,
829 3666 897 3748 uel
932 3669 938 3771 Ι
972 3667 1104 3773 qualis
1142 3669 1194 3750 sit
1234 3682 1341 3750 terra
1383 3668 1564 3771 scithica,
1609 3681 1649 3749 et

247 3787 426 3900 (letaliter
457 3789 509 3871 sit
540 3805 759 3894 generatus
801 3789 889 3869 (lux
925 3789 1059 3870 almus
1088 3791 1093 3896 Ι
1122 3804 1195 3871 aut
1227 3817 1354 3898 quare
1386 3803 1560 3873 uocatur
1591 3791 1650 3870 al-

246 3941 344 3996 mus
376 3912 533 4033 primus
565 3911 654 3992 dux
685 3909 908 4016 Hungarie,
941 3937 965 3990 a
997 3937 1078 4017 quo
1111 3939 1227 4017 reges
1245 3909 1546 4026 Hungajrorum
1572 3913 1711 4000 ori-15

247 4037 387 4142 ginem
421 4035 643 4136 duxerunt,
676 4031 745 4115 uel
778 4046 880 4139 quot
910 4059 1036 4136 regna
1066 4047 1109 4112 ot
1139 4061 1256 4139 reges
1289 4035 1368 4118 sibi
1392 4028 1651 4146 subiuganej·

248 4167 359 4258 runt,
407 4167 480 4236 ant
520 4181 648 4262 quare
689 4155 870 4264 populus
913 4155 964 4234 de
1004 4167 1111 4235 terra
1151 4155 1323 4238 scithica
1359 4183 1546 4262 egressus
1578 4183 1653 4263 per

247 4279 418 4390 ydioma
465 4273 797 4392 alielnigenarum
850 4275 1060 4381 Hungarii,
1104 4289 1144 4356 et
1181 4279 1222 4357 in
1260 4306 1335 4360 sua
1371 4279 1512 4383 lingna
1559 4305 1653 4385 pro·

250 4401 343 4511 pria
374 4399 542 4505 rnogerii
585 4411 798 4499 uocantur,
838 4399 910 4480 tibi
950 4400 1193 4495 scriberem.
1242 4399 1412 4482 Promisi
1444 4399 1555 4480 enim
1587 4427 1654 4480 me

250 4527 473 4622 facturum,
507 4521 580 4603 sed
613 4522 702 4604 aliis
734 4522 908 4626 negotiis
942 4521 1175 4626 impeditus,
1211 4517 1291 4628 et²)
1321 4534 1400 4603 tue
1438 4522 1653 4628 peticionis

255 4659 300 4726 ct
331 4671 424 4726 mee
456 4643 738 4750 promissionis
770 4645 849 4724 iam
884 4669 991 4750 pene
1026 4671 1136 4723 eram
1171 4644 1334 4745 oblitus,
1367 4643 1444 4727 nisi
1466 4643 1565 4724 mihi
1584 4673 1657 4751 per

253 4769 411 4850 litteras
440 4766 445 4871 Ι
474 4780 547 4846 tua
578 4765 741 4848 dilectio
790 4765 976 4846 tlelritum
1010 4765 1179 4846 rerlrlere
1212 4767 1451 4847 monuisset.
1499 4765 1718 4857 Memor20

253 4888 380 4996 igitur
420 4901 492 4970 tue
534 4883 783 4997 dilectionis,
833 4887 1024 4994 quamuis
1065 4887 1204 4968 multis
1242 4903 1283 4968 et
1322 4887 1494 4970 diuersis
1535 4888 1658 4970 huius

253 5043 612 5172 *waningum
631 5079 666 5152 Ο.
697 5079 724 5176 ¹)
753 5077 907 5152 additum
935 5077 971 5150 G.

1549 5213 1566 5266 1
