3898 5752
850 480 913 566 aar

810 591 964 600 .—--——-

337 713 460 788 (leston
487 717 521 786 et
549 713 672 787 Pollux
702 711 810 786 oculis
840 713 985 808 maguis,
1016 715 1071 766 -’
1094 713 1312 788 Palamedem
1330 711 1497 808 gracilem
1515 703 1591 789 lon-

180 859 272 930 gurm,
307 880 351 889 -
382 836 593 929 Polyxenam
621 834 743 930 digitis
770 834 929 928 prolixis,
959 835 1062 929 Gapp.
1096 834 1154 921 12,
1188 838 1245 910 13.

342 958 468 1063 Sapra·
499 988 607 1068 quern
639 964 841 1040 coercitam
881 964 1069 1040 constituti
1097 975 1184 1040 sura
1210 966 1404 1066 principes
1436 975 1469 1042 et
1500 963 1591 1043 dae·

182 1098 292 1164 tores.
329 1131 381 1140 —
418 1083 632 1180 Erercitas,
665 1088 729 1161 cui
760 1083 924 1190 prefecit
957 1087 1152 1188 principes
1189 1096 1222 1162 et
1262 1085 1445 1164 ductores.
1480 1083 1591 1186 XLI,

183 1204 355 1284 XLVII.

338 1338 405 1413 His
434 1339 643 1414 exercitibus
671 1339 835 1432 praefecit
863 1338 1020 1414 Priamus
1048 1339 1238 1435 prinoipem
1258 1345 1292 1415 et
1311 1341 1486 1416 duetorem
1501 1343 1591 1415 Hec-

185 1471 304 1536 toum.
338 1467 397 1536 18.

343 1586 527 1668 Successit
553 1591 588 1666 ei
606 1587 716 1694 filius
745 1615 836 1666 saus
867 1586 982 1667 Zalta
1012 1589 1145 1667 sinu'lis
1169 1593 1282 1693 patri
1313 1587 1489 1688 moribus,
1518 1589 1594 1668 cleb·

183 1711 315 1792 sinrilis
345 1724 499 1790 raotara.
537 1757 589 1766 -
624 1709 727 1789 Erat
757 1708 836 1788 dur
868 1708 982 1790 Zalta
1008 1735 1153 1813 parurn
1185 1709 1304 1790 blesus
1335 1723 1369 1789 et
1392 1711 1592 1811 cccndidus,

185 1833 322 1938 reptilia
355 1833 462 1912 rualli
492 1845 526 1910 et
545 1828 670 1938 flauo,
702 1844 851 1911 statura
883 1831 1074 1932 mediocri,
1119 1833 1432 1934 eructaturus,
1466 1837 1594 1913 anirrro

176 1956 310 2066 sorta,
350 1954 417 2034 sed
456 1958 496 2033 in
537 1951 679 2033 ciuibus
726 1953 893 2048 clemens,
946 1981 1036 2032 reare
1066 1959 1188 2056 erraru',
1232 1955 1298 2034 sed
1333 1955 1491 2058 cupidus
1522 1959 1595 2033 ira-

182 2081 295 2182 perii.
330 2075 436 2156 LIII.
469 2074 541 2154 42.
579 2074 706 2153 1-4.

342 2213 527 2285 Hectorem
561 2212 716 2284 blaesum
757 2208 938 2284 candidum
979 2252 1022 2264 -
1060 2211 1272 2304 bellicosum,
1308 2210 1421 2286 auimo
1460 2233 1594 2305 magno,

189 2333 223 2406 in
251 2331 385 2408 ciuibus
414 2334 625 2406 clementem.
663 2331 897 2406 Alexandrum
924 2331 1115 2423 candidum,
1154 2332 1280 2425 capillo
1308 2333 1404 2407 molli
1435 2341 1469 2406 et
1497 2333 1595 2423 flavo,

187 2478 268 2530 roae
296 2454 403 2544 suavi,
441 2453 600 2547 cupidum
637 2452 783 2547 imperii.
823 2452 1039 2545 Deiphobum
1067 2462 1101 2527 et
1128 2455 1299 2527 Helenum
1332 2454 1464 2529 similes
1491 2454 1596 2548 patri,

189 2575 377 2652 dissimiles
407 2580 541 2650 natura.
571 2575 800 2650 Cassandrum
828 2574 989 2650 mediocri
1018 2580 1163 2650 statura.
1194 2577 1229 2650 O.
1264 2577 1322 2652 12.

881 2893 920 2972 2.

355 3173 498 3252 Scr'tbiu
529 3177 646 3281 ipitur
679 3176 849 3252 triarioru
891 3186 994 3253 terra
1038 3187 1089 3253 cst
1120 3202 1251 3254 uersus
1293 3179 1483 3275 orientem,
1505 3175 1602 3283 fluis

193 3301 299 3376 curius
333 3295 380 3376 ab
414 3295 626 3404 aquilonali
650 3308 764 3399 parte
797 3295 1008 3374 cutcnditur
1038 3325 1154 3404 aspere
1170 3297 1224 3378 aci
1248 3301 1400 3402 rrc'prrnn
1428 3310 1599 3400 pontica.

193 3421 228 3498 A
261 3433 364 3526 terpa
397 3431 520 3499 autem
553 3415 662 3498 babet
676 3414 825 3522 flarnea
858 3419 962 3525 quod
992 3419 1131 3498 dicitra·
1168 3417 1345 3520 'lbanaia
1374 3447 1458 3498 curn
1484 3418 1600 3524 puta

193 3539 301 3622 (libus
334 3543 490 3647 mapais.
526 3538 690 3620 Scitbica
723 3553 847 3619 autera
879 3552 983 3620 terra
1016 3541 1171 3620 caeritum
1200 3541 1338 3644 prataria
1365 3544 1405 3619 ia
1438 3540 1599 3647 loapitu-

194 3663 289 3761 eliae,
325 3676 359 3742 et
389 3662 594 3762 latitudine,
627 3661 792 3741 bonnacs
824 3687 914 3740 aero
948 3666 1015 3770 qui
1044 3660 1215 3743 babitaat
1246 3690 1329 3742 eam
1362 3661 1501 3742 nullius
1529 3689 1600 3740 rra·

196 3812 311 3894 quarn
343 3787 584 3890 inperatoris
603 3796 787 3887 potestate
800 3780 948 3864 subacti
967 3784 1143 3894 fecerunt.
1164 3781 1253 3864 Non
1270 3783 1455 3865 trabebant
1471 3784 1601 3864 ‹lorraos

197 3908 357 4015 artifieio
383 3918 560 4010 paratas.
599 3903 740 3986 Carnes
772 3918 806 3985 et
829 3908 953 4009 pisces
986 3906 1175 3986 celaret
1207 3906 1280 3984 ruci
1309 3903 1602 4008 reconducabant,

198 4043 231 4110 et
257 4033 451 4136 pepererata
483 4027 599 4106 rnrrlta
640 4024 835 4106 trabebant.
887 4026 999 4107 Dicta
1037 4055 1127 4134 pens
1155 4029 1323 4135 satr'pata
1355 4031 1394 4106 in
1427 4025 1520 4108 bello
1553 4027 1607 4108 ad

198 4165 342 4232 tanturn
375 4149 630 4230 crrrdeb'tatene
659 4153 840 4252 praueait,
877 4162 917 4228 ιιι
947 4149 1104 4258 quidam
1137 4148 1266 4229 dicant
1285 4149 1601 4256 bpstorioprapbr',

199 4273 303 4382 qaod
333 4271 536 4352 iracundia
568 4271 672 4350 ιιιιιιί
700 4270 908 4350 leecrnauarn
941 4271 1229 4351 recareducassent
1259 4298 1424 4372 carucae,
1453 4283 1486 4350 et
1514 4299 1605 4350 saa·

196 4399 350 4504 quinem
391 4393 564 4474 bibissent
606 4391 811 4473 barranum.
860 4390 1025 4473 Scitbica
1063 4421 1154 4500 pens
1186 4421 1211 4472 a
1242 4393 1345 4472 uallo
1378 4397 1606 4496 imperatore

197 4517 277 4626 fait
305 4514 518 4624 subiapata
550 4542 642 4595 rrarn
675 4515 845 4594 Darium
875 4540 999 4620 repent
1026 4539 1232 4618 persarum
1265 4542 1348 4594 carn
1368 4542 1507 4622 ιιιιιφιιι
1524 4527 1605 4593 tur·

197 4639 370 4744 pitucb'ne
404 4637 559 4718 Scitbici
594 4638 768 4744 fecerant
797 4635 947 4745 sapere.
998 4635 1090 4715 Itcnr
1124 4635 1280 4716 Scitbici
1321 4635 1451 4715 Cirarn
1483 4662 1606 4743 repent

198 4787 403 4866 persarum
445 4760 671 4840 occiderunt.
723 4757 887 4838 Seitbica
929 4771 1033 4837 terra
1075 4770 1215 4866 quanta
1248 4787 1274 4838 a
1305 4757 1454 4838 torricia
1496 4757 1608 4837 Zona

201 4887 384 4966 remotior
415 4895 476 4980 est,
512 4893 614 4961 tanto
643 4879 908 4986 propapancb's
940 4878 1137 4988 perrenibus
1166 4877 1366 4959 salubrior.
1404 4881 1458 4959 Et
1472 4907 1607 4988 quana·

204 5011 260 5086 uis
309 5005 513 5084 arirnocbun
556 5007 604 5081 sit
655 5005 834 5107 spatiosa,
892 5015 1014 5080 tarraco
1065 5000 1335 5081 rrruititudinern
1372 5000 1608 5107 populorum
