3898 5752
469 707 577 783 Multa
619 713 700 784 sunt
741 732 825 804 qnae
867 711 1062 804 opinionem
1102 711 1189 784 hane
1224 708 1334 804 primo
1370 711 1492 784 obtutu
1527 705 1719 801 speciosam

314 829 426 904 minus
454 831 665 923 probabilem
694 833 887 906 ostendant.
919 836 1032 908 Pauca
1060 837 1194 907 tantum
1222 831 1442 926 attingimus.

468 951 581 1026 Minor
608 955 646 1026 L.
669 954 709 1026 de
729 954 841 1048 Geyna
860 956 964 1029 duce:
998 958 1123 1042 ,Pater
1151 954 1225 1028 eius
1254 949 1450 1050 (Stephani)
1478 975 1540 1026 res
1568 951 1718 1044 quidem,

314 1075 372 1146 sed
401 1073 548 1166 primum
575 1075 718 1170 gentilis
746 1076 823 1150 fuit.
854 1078 894 1150 ln
934 1079 1066 1151 tantum
1093 1081 1208 1152 autem
1247 1074 1372 1150 divinis
1409 1074 1650 1167 conspectibus
1679 1096 1719 1148 so

313 1195 525 1288 probabilem
554 1196 712 1288 reddidit,
742 1203 780 1274 ut
808 1223 925 1274 omnes
956 1199 1097 1274 militiae
1126 1222 1206 1273 snae
1235 1197 1379 1272 comites
1407 1197 1448 1270 ad
1474 1219 1634 1270 reram
1662 1193 1718 1268 dei

314 1319 481 1392 culturam
509 1325 734 1407 converteret,
765 1345 849 1414 quos
877 1346 956 1396 nero
985 1322 1116 1396 aliernae
1144 1321 1218 1395 riae
1239 1323 1426 1395 sectatores
1447 1317 1589 1412 reperit,
1612 1316 1719 1390 minis

315 1438 571 1534 terroribusque
600 1442 832 1534 subiugavit.“
856 1449 887 1538 5.
911 1450 943 1520 3.
966 1446 1091 1518 Eadem
1111 1443 1270 1537 Legenda
1289 1442 1390 1536 paulo
1411 1445 1490 1533 post
1510 1439 1550 1512 de
1572 1439 1720 1533 Stepha-

317 1585 380 1637 no:
420 1565 526 1654 „Post
564 1563 659 1637 cuius
698 1563 828 1639 obitum
866 1568 1060 1661 Stephanus
1098 1567 1207 1640 adhuc
1243 1588 1362 1658 puer,
1403 1564 1492 1656 apud
1531 1583 1568 1634 se
1605 1560 1721 1654 coepit

317 1684 485 1774 meditari,
515 1692 562 1759 ut
590 1685 629 1760 si
657 1690 823 1780 populum
846 1693 910 1762 otc.
939 1692 1062 1765 Hune
1091 1687 1323 1762 secundum
1352 1683 1617 1760 ecclesiasticam
1636 1683 1720 1758 doc·

317 1805 442 1880 trinam
479 1806 665 1881 instituens
705 1807 820 1903 iugum
862 1816 896 1883 et
929 1814 1040 1906 legem
1074 1809 1276 1903 disciplinae
1304 1805 1495 1902 subpositis
1524 1805 1720 1880 cervicibus

314 1928 480 2020 adhibuit,
516 1951 700 2023 omnesque
733 1930 966 2008 immunditias
1005 1935 1172 2006 malorum
1205 1953 1348 2025 prorsus
1377 1928 1587 2003 destructae
1617 1932 1649 2020 5.
1679 1931 1716 2000 4.

314 2051 408 2124 Haec
436 2051 476 2124 de
517 2052 647 2126 duobus
682 2052 896 2148 principibus
930 2055 1070 2149 scripta,
1109 2054 1197 2147 apud
1235 2052 1448 2140 Hartricnm,
1484 2051 1649 2124 distracta
1684 2055 1721 2124 et

316 2171 532 2268 interpositis
566 2175 706 2250 Maioris
742 2177 825 2269 Lag.
864 2177 1017 2268 laciniis,
1059 2177 1095 2250 in
1138 2177 1248 2249 solnm
1293 2176 1504 2269 Stephanum
1549 2173 1720 2246 translata

313 2295 485 2389 leguntur.
518 2299 627 2392 „Post
655 2295 785 2371 obitum
814 2298 923 2392 patris
953 2301 1148 2393 Stephanus
1177 2300 1285 2372 adhuc
1313 2299 1559 2372 adolescen
1570 2317 1598 2385 s,
1628 2295 1718 2388 apud

315 2440 351 2490 se
380 2416 493 2511 coepit
519 2419 688 2509 meditari,
719 2422 929 2512 quomodo
949 2423 1112 2514 populum
1141 2425 1227 2496 etc.“
1260 2421 1294 2496 d.
1316 2422 1364 2493 ΙΙ.
1394 2423 1425 2512 5.
1448 2424 1482 2494 5.
1503 2416 1718 2510 Interposita

314 2537 436 2613 deinde
465 2541 547 2614 belli
581 2542 702 2630 civilis,
743 2543 910 2618 adventus
950 2543 984 2616 in
1021 2544 1237 2638 Hungariam
1271 2539 1401 2618 astrici
1439 2537 1719 2632 fundationisque

313 2661 513 2735 monosterii
541 2664 583 2735 ad
612 2664 761 2740 radicem
788 2666 915 2739 montis
945 2667 1047 2740 ferrei
1075 2665 1232 2754 historic,
1263 2663 1445 2760 permiscet
1473 2666 1508 2736 et
1536 2658 1718 2736 confundit

313 2782 498 2857 Hartricus
527 2785 644 2858 laudes
674 2789 708 2858 ct
735 2789 811 2860 acta
849 2788 984 2875 Geiuae,
1023 2811 1098 2862 cnm
1131 2787 1175 2862 iis
1209 2809 1293 2880 qnae
1332 2787 1367 2860 in
1403 2785 1521 2858 eadem
1556 2781 1717 2876 Legenda

314 2904 488 2997 Stephano
525 2906 735 2980 tribuuntur.
779 2909 842 2995 ,Is
880 2909 944 2982 dei
978 2932 1135 2984 servus
1173 2908 1382 3002 princeps
1420 2902 1717 2980 christianis-

313 3025 444 3100 simus
486 3024 713 3127 (Stephanus)
750 3029 784 3103 in
818 3034 951 3137 tantum
985 3030 1110 3105 divinis
1149 3029 1390 3124 conspectibus
1429 3051 1466 3102 se
1500 3024 1716 3120 probabilem

312 3147 471 3240 reddidit,
502 3153 539 3224 ut
567 3174 685 3226 ornnes
714 3152 859 3227 militiae
888 3176 968 3227 suae
997 3152 1138 3229 comites
1167 3153 1209 3226 od
1236 3151 1328 3226 rori
1358 3151 1411 3225 dei
1440 3152 1608 3224 culturam
1635 3171 1715 3222 con·

311 3275 469 3360 verteret,
500 3297 585 3367 quos
614 3298 693 3350 vero
713 3275 844 3349 alienae
865 3275 938 3348 riae
959 3279 1146 3349 sectatores
1166 3253 1306 3368 reperit,
1327 3273 1430 3347 ruinis
1458 3271 1715 3363 terroribusque

311 3393 517 3488 subiugavit,
547 3393 725 3496 (hactenns
754 3421 771 3472 e
799 3396 943 3471 Minoris
962 3401 993 3488 5.
1017 3401 1076 3473 3-o
1097 3399 1138 3471 ad
1163 3397 1302 3472 Geinum
1332 3395 1543 3489 pertinente)
1572 3393 1713 3486 ipsos-

312 3511 391 3608 que
428 3519 613 3592 secundum
647 3519 911 3594 ecclesiasticam
952 3520 1141 3594 doctrinam
1169 3519 1356 3594 instituens
1384 3518 1501 3610 iugum
1533 3521 1567 3590 ot
1604 3517 1713 3610 legem

312 3637 513 3732 disciplinae
541 3641 731 3734 subpositis
761 3641 949 3716 ceruicibus
977 3641 1143 3730 adhibuit,
1166 3664 1349 3734 omnesque
1382 3638 1616 3713 immunditias
1646 3661 1713 3711 nm·

312 3760 422 3834 lorum
451 3783 592 3855 prorsus
621 3762 826 3837 destruxit.“
860 3763 958 3862 (llin.
988 3767 1019 3855 5.
1050 3768 1084 3837 4.
1115 3765 1156 3836 de
1177 3764 1365 3856 Stephano)
1392 3763 1513 3836 Hartr.
1535 3762 1595 3835 IV.
1624 3763 1699 3853 57

467 3901 608 3976 Maioris
650 3902 752 3978 etiam
789 3906 829 3976 L.
862 3908 979 3997 partes
1021 3902 1182 3976 disiectas
1225 3907 1258 3977 ct
1299 3900 1526 3995 interpolatas
1567 3899 1713 3996 legimus

312 4023 399 4115 apud
429 4022 640 4097 Hortvicum.
670 4025 723 4100 lbi
758 4031 835 4118 post
868 4026 1050 4102 adrentum
1084 4023 1213 4099 Astrici
1247 4026 1394 4118 primum
1422 4024 1456 4097 in
1486 4048 1590 4118 regno
1634 4045 1712 4096 eon·

314 4144 464 4217 struitur
492 4147 735 4221 monasterinm
764 4148 805 4221 ad
835 4149 980 4221 radicem
1001 4147 1127 4221 montis
1147 4148 1260 4221 ferrei.
1282 4151 1312 4240 5.
1335 4151 1368 4221 7.
1390 4149 1514 4220 Postea
1533 4145 1713 4239 eriguntur

313 4268 428 4341 decem
456 4269 684 4364 episcopatus,
715 4271 967 4362 fundantur-que
995 4269 1063 4343 clia
1091 4271 1240 4344 claustra
1269 4275 1301 4341 et
1331 4269 1503 4344 coenobia.
1534 4271 1711 4343 Postremo

312 4389 525 4464 construitur
553 4393 796 4465 monasterium
826 4393 860 4466 S.
892 4390 1031 4464 llartini
1061 4391 1093 4464 in
1125 4395 1238 4467 monte
1267 4392 1476 4466 Pannoniae.
1497 4396 1528 4485 5.
1552 4393 1586 4465 6.
1606 4393 1710 4466 Hert·

313 4511 385 4586 rico
423 4536 489 4587 non
528 4515 640 4602 placet
677 4513 784 4589 serios
823 4516 905 4588 haec
942 4536 1055 4586 rerum
1091 4519 1277 4608 gestarum,
1317 4515 1377 4589 sed
1416 4514 1552 4589 innerso
1593 4514 1710 4589 ordine

312 4635 458 4730 primunr
496 4637 524 4710 ei
556 4637 689 4710 uidetur
717 4642 795 4730 post
828 4635 978 4710 devictos
1007 4636 1164 4726 rebelles,
1196 4637 1420 4711 constitutum
1461 4637 1567 4712 luisse
1596 4661 1710 4713 mona·

312 4757 453 4838 sterium
491 4758 577 4834 sacri
615 4761 741 4834 orontis
783 4758 995 4844 Pannoniam
1040 4762 1160 4850 postea
1197 4757 1294 4852 ponit
1336 4759 1518 4832 adrentum
1560 4759 1708 4848 elstrici,

312 4880 511 4956 coenobium
540 4881 667 4957 montis
696 4882 797 4956 ferrei
827 4885 858 4973 5.
891 4884 928 4968 73
958 4883 1132 4974 postremo
1154 4879 1361 4954 erectionem
1389 4881 1648 4976 episcopatuum
1677 4889 1708 4956 et

312 5005 502 5080 ceterorum
530 5005 771 5097 claustrorum,
801 5013 832 5098 5.
865 5007 898 5077 8.
927 5001 995 5078 Ubi
1025 5007 1138 5076 turrem
1166 5001 1303 5078 humani
1324 5003 1404 5098 quid
1423 5027 1546 5099 passus
1566 5011 1619 5081 est
1639 5005 1710 5082 sire
