<?xml version="1.0" encoding="UTF-8"?>
<!DOCTYPE html PUBLIC "-//W3C//DTD XHTML 1.0 Transitional//EN"
    "http://www.w3.org/TR/xhtml1/DTD/xhtml1-transitional.dtd">
<html xmlns="http://www.w3.org/1999/xhtml" xml:lang="en" lang="en">
 <head>
  <title>
</title>
<meta http-equiv="Content-Type" content="text/html;charset=utf-8" />
  <meta name='ocr-system' content='tesseract 3.04.00' />
  <meta name='ocr-capabilities' content='ocr_page ocr_carea ocr_par ocr_line ocrx_word'/>
</head>
<body>
  <div class='ocr_page' id='page_1' title='image "./chronicahungaro00florgoog_0088.png"; bbox 0 0 3900 5762; ppageno 0'>
   <div class='ocr_carea' id='block_1_1' title="bbox 798 559 952 659">
    <p class='ocr_par' dir='ltr' id='par_1_1' title="bbox 798 559 952 659">
     <span class='ocr_line' id='line_1_1' title="bbox 798 559 952 659; baseline 0.006 -1"><span class='ocrx_word' id='word_1_1' title='bbox 798 559 905 658; x_wconf 62' lang='lat'>„⁶3</span> <span class='ocrx_word' id='word_1_2' title='bbox 929 653 952 659; x_wconf 88' lang='lat'>..</span> 
     </span>
    </p>
   </div>
   <div class='ocr_carea' id='block_1_2' title="bbox 168 773 1581 4671">
    <p class='ocr_par' dir='ltr' id='par_1_2' title="bbox 171 773 1581 1492">
     <span class='ocr_line' id='line_1_2' title="bbox 177 773 1579 882; baseline 0.001 -28"><span class='ocrx_word' id='word_1_3' title='bbox 177 775 327 856; x_wconf 84' lang='lat' dir='ltr'>neralis</span> <span class='ocrx_word' id='word_1_4' title='bbox 361 773 502 858; x_wconf 87' lang='lat' dir='ltr'>schola</span> <span class='ocrx_word' id='word_1_5' title='bbox 535 775 643 856; x_wconf 90' lang='lat' dir='ltr'>orbis</span> <span class='ocrx_word' id='word_1_6' title='bbox 676 789 782 854; x_wconf 87' lang='lat' dir='ltr'>terre</span> <span class='ocrx_word' id='word_1_7' title='bbox 814 776 980 878; x_wconf 80' lang='lat' dir='ltr'>nationi,</span> <span class='ocrx_word' id='word_1_8' title='bbox 1014 789 1228 882; x_wconf 86' lang='lat' dir='ltr'>poetarum</span> <span class='ocrx_word' id='word_1_9' title='bbox 1263 775 1404 877; x_wconf 83' lang='lat' dir='ltr'>musis,</span> <span class='ocrx_word' id='word_1_10' title='bbox 1424 775 1579 880; x_wconf 86' lang='lat' dir='ltr'>etdog·</span> 
     </span>
     <span class='ocr_line' id='line_1_3' title="bbox 173 881 1580 1005; baseline 0.001 -29"><span class='ocrx_word' id='word_1_11' title='bbox 173 898 355 979; x_wconf 81' lang='lat' dir='ltr'>maribus</span> <span class='ocrx_word' id='word_1_12' title='bbox 389 897 686 1005; x_wconf 80' lang='lat' dir='ltr'>philosophicis</span> <span class='ocrx_word' id='word_1_13' title='bbox 705 897 918 979; x_wconf 87' lang='lat' dir='ltr'>elucenter</span> <span class='ocrx_word' id='word_1_14' title='bbox 948 898 1161 999; x_wconf 85' lang='lat' dir='ltr'>illustrata,</span> <span class='ocrx_word' id='word_1_15' title='bbox 1195 881 1484 1004; x_wconf 86' lang='lat' dir='ltr'>idolorumque</span> <span class='ocrx_word' id='word_1_16' title='bbox 1517 924 1580 977; x_wconf 91' lang='lat' dir='ltr'>er·</span> 
     </span>
     <span class='ocr_line' id='line_1_4' title="bbox 172 1018 1580 1126; baseline 0.001 -28"><span class='ocrx_word' id='word_1_17' title='bbox 172 1020 333 1100; x_wconf 89' lang='lat' dir='ltr'>roribus</span> <span class='ocrx_word' id='word_1_18' title='bbox 367 1019 539 1100; x_wconf 89' lang='lat' dir='ltr'>diuersis</span> <span class='ocrx_word' id='word_1_19' title='bbox 571 1020 819 1126; x_wconf 86' lang='lat' dir='ltr'>mancipata.</span> <span class='ocrx_word' id='word_1_20' title='bbox 854 1018 987 1115; x_wconf 80' lang='lat' dir='ltr'>Quam</span> <span class='ocrx_word' id='word_1_21' title='bbox 1032 1019 1199 1126; x_wconf 88' lang='lat' dir='ltr'>quidem</span> <span class='ocrx_word' id='word_1_22' title='bbox 1244 1018 1473 1100; x_wconf 83' lang='lat' dir='ltr'>Gothorum</span> <span class='ocrx_word' id='word_1_23' title='bbox 1506 1045 1580 1100; x_wconf 93' lang='lat' dir='ltr'>no-</span> 
     </span>
     <span class='ocr_line' id='line_1_5' title="bbox 176 1137 1581 1248; baseline 0.001 -27"><span class='ocrx_word' id='word_1_24' title='bbox 176 1142 285 1221; x_wconf 90' lang='lat' dir='ltr'>mine</span> <span class='ocrx_word' id='word_1_25' title='bbox 299 1137 328 1247; x_wconf 88' lang='lat'>¹)</span> <span class='ocrx_word' id='word_1_26' title='bbox 364 1139 604 1221; x_wconf 85' lang='lat' dir='ltr'>Archelaus-</span> <span class='ocrx_word' id='word_1_27' title='bbox 627 1169 698 1222; x_wconf 81' lang='lat' dir='ltr'>rex</span> <span class='ocrx_word' id='word_1_28' title='bbox 736 1141 923 1248; x_wconf 91' lang='lat' dir='ltr'>primitus</span> <span class='ocrx_word' id='word_1_29' title='bbox 957 1142 1203 1243; x_wconf 80' lang='lat' dir='ltr'>‹leuastanit,</span> <span class='ocrx_word' id='word_1_30' title='bbox 1237 1143 1310 1223; x_wconf 90' lang='lat' dir='ltr'>sed</span> <span class='ocrx_word' id='word_1_31' title='bbox 1343 1155 1487 1247; x_wconf 89' lang='lat' dir='ltr'>postea</span> <span class='ocrx_word' id='word_1_32' title='bbox 1506 1169 1581 1248; x_wconf 90' lang='lat' dir='ltr'>per</span> 
     </span>
     <span class='ocr_line' id='line_1_6' title="bbox 171 1261 1578 1372; baseline 0.001 -29"><span class='ocrx_word' id='word_1_33' title='bbox 171 1261 319 1344; x_wconf 87' lang='lat' dir='ltr'>Hunos</span> <span class='ocrx_word' id='word_1_34' title='bbox 353 1264 403 1343; x_wconf 87' lang='lat' dir='ltr'>de</span> <span class='ocrx_word' id='word_1_35' title='bbox 453 1263 660 1344; x_wconf 75' lang='lat' dir='ltr'>Pannonur</span> <span class='ocrx_word' id='word_1_36' title='bbox 711 1265 991 1369; x_wconf 64' lang='lat' dir='ltr'>expehunhn3</span> <span class='ocrx_word' id='word_1_37' title='bbox 1040 1291 1236 1370; x_wconf 76' lang='lat' dir='ltr'>nuncque</span> <span class='ocrx_word' id='word_1_38' title='bbox 1283 1264 1402 1344; x_wconf 76' lang='lat' dir='ltr'>hana</span> <span class='ocrx_word' id='word_1_39' title='bbox 1435 1264 1578 1372; x_wconf 73' lang='lat' dir='ltr'>Tymni</span> 
     </span>
     <span class='ocr_line' id='line_1_7' title="bbox 172 1385 1348 1492; baseline -0.001 -26"><span class='ocrx_word' id='word_1_40' title='bbox 172 1385 360 1468; x_wconf 87' lang='lat' dir='ltr'>babitare</span> <span class='ocrx_word' id='word_1_41' title='bbox 393 1385 677 1487; x_wconf 80' lang='lat' dir='ltr'>dinoscuntur,</span> <span class='ocrx_word' id='word_1_42' title='bbox 713 1386 782 1492; x_wconf 92' lang='lat' dir='ltr'>qni</span> <span class='ocrx_word' id='word_1_43' title='bbox 816 1397 857 1466; x_wconf 94' lang='lat' dir='ltr'>et</span> <span class='ocrx_word' id='word_1_44' title='bbox 889 1387 1084 1467; x_wconf 87' lang='lat' dir='ltr'>dicuntur</span> <span class='ocrx_word' id='word_1_45' title='bbox 1114 1385 1348 1492; x_wconf 88' lang='lat' dir='ltr'>Papienses.</span> 
     </span>
    </p>

    <p class='ocr_par' dir='ltr' id='par_1_3' title="bbox 168 1507 1579 4671">
     <span class='ocr_line' id='line_1_8' title="bbox 335 1507 1577 1614; baseline 0 -26"><span class='ocrx_word' id='word_1_46' title='bbox 335 1509 399 1588; x_wconf 79' lang='lat'>13.</span> <span class='ocrx_word' id='word_1_47' title='bbox 435 1507 656 1614; x_wconf 88' lang='lat' dir='ltr'>Postquam</span> <span class='ocrx_word' id='word_1_48' title='bbox 692 1521 829 1588; x_wconf 86' lang='lat' dir='ltr'>autern</span> <span class='ocrx_word' id='word_1_49' title='bbox 865 1537 938 1589; x_wconf 85' lang='lat' dir='ltr'>rex</span> <span class='ocrx_word' id='word_1_50' title='bbox 973 1508 1577 1614; x_wconf 76' lang='lat' dir='ltr'>EtlrelaAquilegiamexpug-</span> 
     </span>
     <span class='ocr_line' id='line_1_9' title="bbox 172 1627 1579 1730; baseline 0.001 -22"><span class='ocrx_word' id='word_1_51' title='bbox 172 1630 301 1729; x_wconf 84' lang='lat' dir='ltr'>nauit,</span> <span class='ocrx_word' id='word_1_52' title='bbox 334 1629 429 1710; x_wconf 92' lang='lat' dir='ltr'>inde</span> <span class='ocrx_word' id='word_1_53' title='bbox 464 1630 576 1710; x_wconf 88' lang='lat' dir='ltr'>renit</span> <span class='ocrx_word' id='word_1_54' title='bbox 610 1630 646 1709; x_wconf 94' lang='lat' dir='ltr'>in</span> <span class='ocrx_word' id='word_1_55' title='bbox 683 1631 831 1710; x_wconf 76' lang='lat' dir='ltr'>llorunr</span> <span class='ocrx_word' id='word_1_56' title='bbox 868 1631 971 1730; x_wconf 87' lang='lat' dir='ltr'>lnlii,</span> <span class='ocrx_word' id='word_1_57' title='bbox 1020 1631 1090 1712; x_wconf 91' lang='lat' dir='ltr'>ubi</span> <span class='ocrx_word' id='word_1_58' title='bbox 1125 1627 1301 1711; x_wconf 83' lang='lat' dir='ltr'>Ciuitate</span> <span class='ocrx_word' id='word_1_59' title='bbox 1351 1629 1579 1714; x_wconf 83' lang='lat' dir='ltr'>Concordia</span> 
     </span>
     <span class='ocr_line' id='line_1_10' title="bbox 171 1747 1576 1859; baseline 0.001 -29"><span class='ocrx_word' id='word_1_60' title='bbox 171 1747 1576 1859; x_wconf 55' lang='lat' dir='ltr'>‹mmmmaiunmmmmnimmmtbmmmmmbinamaTmm·</span> 
     </span>
     <span class='ocr_line' id='line_1_11' title="bbox 171 1871 1576 1956; baseline -0.001 -1"><span class='ocrx_word' id='word_1_61' title='bbox 171 1875 278 1956; x_wconf 88' lang='lat' dir='ltr'>sium</span> <span class='ocrx_word' id='word_1_62' title='bbox 313 1874 494 1954; x_wconf 78' lang='lat' dir='ltr'>Brixiam</span> <span class='ocrx_word' id='word_1_63' title='bbox 529 1873 710 1954; x_wconf 82' lang='lat' dir='ltr'>Paduam</span> <span class='ocrx_word' id='word_1_64' title='bbox 746 1875 992 1954; x_wconf 75' lang='lat' dir='ltr'>Cremonam</span> <span class='ocrx_word' id='word_1_65' title='bbox 1030 1874 1232 1955; x_wconf 80' lang='lat' dir='ltr'>l&#39;eronam</span> <span class='ocrx_word' id='word_1_66' title='bbox 1250 1871 1463 1956; x_wconf 83' lang='lat' dir='ltr'>Mantuam</span> <span class='ocrx_word' id='word_1_67' title='bbox 1481 1873 1576 1954; x_wconf 91' lang='lat' dir='ltr'>Per·</span> 
     </span>
     <span class='ocr_line' id='line_1_12' title="bbox 169 1991 1576 2103; baseline 0 -27"><span class='ocrx_word' id='word_1_68' title='bbox 169 2023 340 2100; x_wconf 84' lang='lat' dir='ltr'>gamum</span> <span class='ocrx_word' id='word_1_69' title='bbox 389 1994 681 2093; x_wconf 80' lang='lat' dir='ltr'>Mediolanum,</span> <span class='ocrx_word' id='word_1_70' title='bbox 713 1991 1070 2103; x_wconf 64' lang='lat' dir='ltr'>..tlexaruniamb</span> <span class='ocrx_word' id='word_1_71' title='bbox 1120 1997 1343 2077; x_wconf 78' lang='lat' dir='ltr'>Ferrariam</span> <span class='ocrx_word' id='word_1_72' title='bbox 1392 1996 1576 2102; x_wconf 89' lang='lat' dir='ltr'>aliasque</span> 
     </span>
     <span class='ocr_line' id='line_1_13' title="bbox 170 2117 1576 2224; baseline 0.001 -27"><span class='ocrx_word' id='word_1_73' title='bbox 170 2117 311 2224; x_wconf 87' lang='lat' dir='ltr'>plures</span> <span class='ocrx_word' id='word_1_74' title='bbox 344 2119 468 2200; x_wconf 92' lang='lat' dir='ltr'>urbes</span> <span class='ocrx_word' id='word_1_75' title='bbox 501 2117 615 2198; x_wconf 81' lang='lat' dir='ltr'>Italic</span> <span class='ocrx_word' id='word_1_76' title='bbox 649 2145 723 2199; x_wconf 84' lang='lat' dir='ltr'>suo</span> <span class='ocrx_word' id='word_1_77' title='bbox 758 2118 938 2199; x_wconf 90' lang='lat' dir='ltr'>dominio</span> <span class='ocrx_word' id='word_1_78' title='bbox 972 2119 1222 2224; x_wconf 84' lang='lat' dir='ltr'>subiugauit.</span> <span class='ocrx_word' id='word_1_79' title='bbox 1256 2119 1351 2200; x_wconf 84' lang='lat' dir='ltr'>Post</span> <span class='ocrx_word' id='word_1_80' title='bbox 1371 2119 1449 2198; x_wconf 88' lang='lat' dir='ltr'>heo</span> <span class='ocrx_word' id='word_1_81' title='bbox 1497 2117 1576 2198; x_wconf 85' lang='lat' dir='ltr'>Ra·</span> 
     </span>
     <span class='ocr_line' id='line_1_14' title="bbox 169 2235 1576 2348; baseline 0 -28"><span class='ocrx_word' id='word_1_82' title='bbox 169 2235 1576 2348; x_wconf 43' lang='lat' dir='ltr'>vfflwnmmmmffidmmmnmmmffidwimfflm</span> 
     </span>
     <span class='ocr_line' id='line_1_15' title="bbox 170 2361 1575 2468; baseline 0 -26"><span class='ocrx_word' id='word_1_83' title='bbox 170 2361 1575 2468; x_wconf 49' lang='lat' dir='ltr'>fflmwmmfflffimffifflwhwmmefflm</span> 
     </span>
     <span class='ocr_line' id='line_1_16' title="bbox 169 2483 1575 2592; baseline 0.001 -29"><span class='ocrx_word' id='word_1_84' title='bbox 169 2483 329 2567; x_wconf 87' lang='lat' dir='ltr'>diuales</span> <span class='ocrx_word' id='word_1_85' title='bbox 361 2512 478 2567; x_wconf 87' lang='lat' dir='ltr'>suam</span> <span class='ocrx_word' id='word_1_86' title='bbox 513 2499 668 2566; x_wconf 87' lang='lat' dir='ltr'>sectam</span> <span class='ocrx_word' id='word_1_87' title='bbox 702 2485 920 2586; x_wconf 85' lang='lat' dir='ltr'>imitantes,</span> <span class='ocrx_word' id='word_1_88' title='bbox 971 2485 1212 2568; x_wconf 89' lang='lat' dir='ltr'>thesaurum</span> <span class='ocrx_word' id='word_1_89' title='bbox 1245 2485 1403 2566; x_wconf 88' lang='lat' dir='ltr'>babens</span> <span class='ocrx_word' id='word_1_90' title='bbox 1437 2485 1575 2592; x_wconf 88' lang='lat' dir='ltr'>copio-</span> 
     </span>
     <span class='ocr_line' id='line_1_17' title="bbox 169 2607 1575 2711; baseline 0.001 -27"><span class='ocrx_word' id='word_1_91' title='bbox 169 2635 277 2708; x_wconf 85' lang='lat' dir='ltr'>sum,</span> <span class='ocrx_word' id='word_1_92' title='bbox 311 2607 473 2688; x_wconf 88' lang='lat' dir='ltr'>ciuibus</span> <span class='ocrx_word' id='word_1_93' title='bbox 506 2607 788 2711; x_wconf 81' lang='lat' dir='ltr'>ignorantibus</span> <span class='ocrx_word' id='word_1_94' title='bbox 820 2607 966 2689; x_wconf 82' lang='lat' dir='ltr'>Hunos</span> <span class='ocrx_word' id='word_1_95' title='bbox 999 2609 1038 2688; x_wconf 92' lang='lat' dir='ltr'>iu</span> <span class='ocrx_word' id='word_1_96' title='bbox 1073 2609 1221 2689; x_wconf 88' lang='lat' dir='ltr'>urbem</span> <span class='ocrx_word' id='word_1_97' title='bbox 1254 2609 1417 2688; x_wconf 85' lang='lat' dir='ltr'>occulte</span> <span class='ocrx_word' id='word_1_98' title='bbox 1449 2607 1575 2687; x_wconf 92' lang='lat' dir='ltr'>iutro·</span> 
     </span>
     <span class='ocr_line' id='line_1_18' title="bbox 170 2729 1576 2837; baseline 0 -29"><span class='ocrx_word' id='word_1_99' title='bbox 170 2729 292 2832; x_wconf 82' lang='lat' dir='ltr'>misit,</span> <span class='ocrx_word' id='word_1_100' title='bbox 336 2729 558 2810; x_wconf 87' lang='lat' dir='ltr'>catholicos</span> <span class='ocrx_word' id='word_1_101' title='bbox 611 2729 680 2834; x_wconf 90' lang='lat' dir='ltr'>qui</span> <span class='ocrx_word' id='word_1_102' title='bbox 715 2743 831 2810; x_wconf 90' lang='lat' dir='ltr'>erant</span> <span class='ocrx_word' id='word_1_103' title='bbox 862 2730 902 2810; x_wconf 94' lang='lat' dir='ltr'>in</span> <span class='ocrx_word' id='word_1_104' title='bbox 938 2757 987 2810; x_wconf 89' lang='lat' dir='ltr'>ea</span> <span class='ocrx_word' id='word_1_105' title='bbox 1018 2731 1197 2837; x_wconf 90' lang='lat' dir='ltr'>potiores</span> <span class='ocrx_word' id='word_1_106' title='bbox 1229 2756 1304 2836; x_wconf 91' lang='lat' dir='ltr'>per</span> <span class='ocrx_word' id='word_1_107' title='bbox 1335 2731 1446 2837; x_wconf 89' lang='lat' dir='ltr'>ipsos</span> <span class='ocrx_word' id='word_1_108' title='bbox 1478 2729 1576 2809; x_wconf 88' lang='lat' dir='ltr'>feeit</span> 
     </span>
     <span class='ocr_line' id='line_1_19' title="bbox 169 2848 1574 2958; baseline 0 -27"><span class='ocrx_word' id='word_1_109' title='bbox 169 2852 376 2952; x_wconf 80' lang='lat' dir='ltr'>trucidari,</span> <span class='ocrx_word' id='word_1_110' title='bbox 409 2848 693 2958; x_wconf 85' lang='lat' dir='ltr'>permittens⁵)</span> <span class='ocrx_word' id='word_1_111' title='bbox 726 2851 870 2933; x_wconf 88' lang='lat' dir='ltr'>Ethele</span> <span class='ocrx_word' id='word_1_112' title='bbox 904 2854 1013 2958; x_wconf 90' lang='lat' dir='ltr'>quod</span> <span class='ocrx_word' id='word_1_113' title='bbox 1049 2853 1081 2932; x_wconf 85' lang='lat' dir='ltr'>si</span> <span class='ocrx_word' id='word_1_114' title='bbox 1114 2879 1188 2934; x_wconf 92' lang='lat' dir='ltr'>sue</span> <span class='ocrx_word' id='word_1_115' title='bbox 1223 2867 1334 2932; x_wconf 87' lang='lat' dir='ltr'>seete</span> <span class='ocrx_word' id='word_1_116' title='bbox 1357 2851 1574 2954; x_wconf 85' lang='lat' dir='ltr'>adheserit,</span> 
     </span>
     <span class='ocr_line' id='line_1_20' title="bbox 170 2973 1574 3081; baseline 0.002 -29"><span class='ocrx_word' id='word_1_117' title='bbox 170 2973 376 3080; x_wconf 84' lang='lat' dir='ltr'>fueritque</span> <span class='ocrx_word' id='word_1_118' title='bbox 410 2974 651 3056; x_wconf 85' lang='lat' dir='ltr'>christianos</span> <span class='ocrx_word' id='word_1_119' title='bbox 683 2989 938 3081; x_wconf 86' lang='lat' dir='ltr'>persecutus,</span> <span class='ocrx_word' id='word_1_120' title='bbox 983 2977 1141 3081; x_wconf 88' lang='lat' dir='ltr'>absque</span> <span class='ocrx_word' id='word_1_121' title='bbox 1178 2975 1303 3078; x_wconf 81' lang='lat' dir='ltr'>fatiga</span> <span class='ocrx_word' id='word_1_122' title='bbox 1335 3001 1408 3056; x_wconf 91' lang='lat' dir='ltr'>sue</span> <span class='ocrx_word' id='word_1_123' title='bbox 1441 2973 1574 3078; x_wconf 78' lang='lat' dir='ltr'>gentis</span> 
     </span>
     <span class='ocr_line' id='line_1_21' title="bbox 170 3096 1574 3203; baseline -0.001 -29"><span class='ocrx_word' id='word_1_124' title='bbox 170 3110 211 3174; x_wconf 87' lang='lat' dir='ltr'>et</span> <span class='ocrx_word' id='word_1_125' title='bbox 244 3096 439 3203; x_wconf 83' lang='lat' dir='ltr'>expensis</span> <span class='ocrx_word' id='word_1_126' title='bbox 471 3096 697 3176; x_wconf 87' lang='lat' dir='ltr'>Romanam</span> <span class='ocrx_word' id='word_1_127' title='bbox 748 3098 906 3196; x_wconf 89' lang='lat' dir='ltr'>urbem,</span> <span class='ocrx_word' id='word_1_128' title='bbox 950 3110 1078 3187; x_wconf 84' lang='lat' dir='ltr'>totam</span> <span class='ocrx_word' id='word_1_129' title='bbox 1111 3097 1270 3178; x_wconf 89' lang='lat' dir='ltr'>Italiam</span> <span class='ocrx_word' id='word_1_130' title='bbox 1305 3108 1345 3176; x_wconf 92' lang='lat' dir='ltr'>et</span> <span class='ocrx_word' id='word_1_131' title='bbox 1377 3096 1574 3176; x_wconf 40' lang='lat' dir='ltr'>rlffricam</span> 
     </span>
     <span class='ocr_line' id='line_1_22' title="bbox 169 3216 1573 3326; baseline 0.001 -30"><span class='ocrx_word' id='word_1_132' title='bbox 169 3217 259 3298; x_wconf 88' lang='lat' dir='ltr'>eius</span> <span class='ocrx_word' id='word_1_133' title='bbox 292 3218 462 3326; x_wconf 91' lang='lat' dir='ltr'>imperio</span> <span class='ocrx_word' id='word_1_134' title='bbox 496 3219 744 3323; x_wconf 81' lang='lat' dir='ltr'>subiugaret.</span> <span class='ocrx_word' id='word_1_135' title='bbox 798 3216 1004 3326; x_wconf 89' lang='lat' dir='ltr'>Cumque·</span> <span class='ocrx_word' id='word_1_136' title='bbox 1035 3219 1182 3300; x_wconf 84' lang='lat' dir='ltr'>Ethela</span> <span class='ocrx_word' id='word_1_137' title='bbox 1214 3218 1437 3316; x_wconf 86' lang='lat' dir='ltr'>annuisset,</span> <span class='ocrx_word' id='word_1_138' title='bbox 1479 3216 1573 3324; x_wconf 87' lang='lat' dir='ltr'>plns</span> 
     </span>
     <span class='ocr_line' id='line_1_23' title="bbox 169 3337 1571 3448; baseline 0.001 -30"><span class='ocrx_word' id='word_1_139' title='bbox 169 3365 309 3420; x_wconf 90' lang='lat' dir='ltr'>amore</span> <span class='ocrx_word' id='word_1_140' title='bbox 342 3340 513 3421; x_wconf 86' lang='lat' dir='ltr'>dominii</span> <span class='ocrx_word' id='word_1_141' title='bbox 546 3367 672 3448; x_wconf 88' lang='lat' dir='ltr'>quarn</span> <span class='ocrx_word' id='word_1_142' title='bbox 705 3353 816 3422; x_wconf 87' lang='lat' dir='ltr'>seete</span> <span class='ocrx_word' id='word_1_143' title='bbox 835 3357 1073 3442; x_wconf 82' lang='lat' dir='ltr'>memorate,</span> <span class='ocrx_word' id='word_1_144' title='bbox 1093 3341 1255 3446; x_wconf 88' lang='lat' dir='ltr'>cognito</span> <span class='ocrx_word' id='word_1_145' title='bbox 1273 3339 1447 3421; x_wconf 85' lang='lat' dir='ltr'>Romani</span> <span class='ocrx_word' id='word_1_146' title='bbox 1464 3337 1571 3446; x_wconf 90' lang='lat' dir='ltr'>peri·</span> 
     </span>
     <span class='ocr_line' id='line_1_24' title="bbox 169 3457 1571 3571; baseline 0.001 -31"><span class='ocrx_word' id='word_1_147' title='bbox 169 3460 275 3564; x_wconf 73' lang='lat' dir='ltr'>amq</span> <span class='ocrx_word' id='word_1_148' title='bbox 324 3457 1571 3571; x_wconf 54' lang='lat' dir='ltr'>mmdemmmqmoemtdmmmdmsmmmmlemmmb</span> 
     </span>
     <span class='ocr_line' id='line_1_25' title="bbox 171 3582 1571 3692; baseline 0.001 -30"><span class='ocrx_word' id='word_1_149' title='bbox 171 3582 411 3672; x_wconf 69' lang='lat' dir='ltr'>llomamnn„</span> <span class='ocrx_word' id='word_1_150' title='bbox 450 3585 672 3667; x_wconf 88' lang='lat' dir='ltr'>antistitem</span> <span class='ocrx_word' id='word_1_151' title='bbox 717 3585 766 3664; x_wconf 85' lang='lat' dir='ltr'>ad</span> <span class='ocrx_word' id='word_1_152' title='bbox 800 3585 989 3667; x_wconf 87' lang='lat' dir='ltr'>Ethelam</span> <span class='ocrx_word' id='word_1_153' title='bbox 1023 3587 1348 3688; x_wconf 83' lang='lat' dir='ltr'>transmiserunt,</span> <span class='ocrx_word' id='word_1_154' title='bbox 1382 3597 1571 3692; x_wconf 89' lang='lat' dir='ltr'>petentes</span> 
     </span>
     <span class='ocr_line' id='line_1_26' title="bbox 168 3706 1571 3816; baseline 0.001 -32"><span class='ocrx_word' id='word_1_155' title='bbox 168 3719 217 3784; x_wconf 91' lang='lat' dir='ltr'>ut</span> <span class='ocrx_word' id='word_1_156' title='bbox 249 3708 379 3787; x_wconf 86' lang='lat' dir='ltr'>exiret</span> <span class='ocrx_word' id='word_1_157' title='bbox 411 3707 462 3788; x_wconf 90' lang='lat' dir='ltr'>de</span> <span class='ocrx_word' id='word_1_158' title='bbox 495 3706 646 3788; x_wconf 89' lang='lat' dir='ltr'>finibus</span> <span class='ocrx_word' id='word_1_159' title='bbox 679 3707 1004 3790; x_wconf 81' lang='lat' dir='ltr'>Lonibardorum</span> <span class='ocrx_word' id='word_1_160' title='bbox 1038 3707 1331 3816; x_wconf 86' lang='lat' dir='ltr'>propterquod</span> <span class='ocrx_word' id='word_1_161' title='bbox 1367 3708 1571 3787; x_wconf 86' lang='lat' dir='ltr'>eicteen·</span> 
     </span>
     <span class='ocr_line' id='line_1_27' title="bbox 168 3827 1570 3937; baseline 0.001 -31"><span class='ocrx_word' id='word_1_162' title='bbox 168 3855 261 3907; x_wconf 87' lang='lat' dir='ltr'>sum</span> <span class='ocrx_word' id='word_1_163' title='bbox 295 3830 589 3936; x_wconf 86' lang='lat' dir='ltr'>persoluerent,</span> <span class='ocrx_word' id='word_1_164' title='bbox 624 3847 665 3910; x_wconf 91' lang='lat' dir='ltr'>et</span> <span class='ocrx_word' id='word_1_165' title='bbox 696 3843 860 3934; x_wconf 84' lang='lat' dir='ltr'>gentem</span> <span class='ocrx_word' id='word_1_166' title='bbox 896 3831 1040 3912; x_wconf 86' lang='lat' dir='ltr'>darent</span> <span class='ocrx_word' id='word_1_167' title='bbox 1073 3827 1239 3937; x_wconf 56' lang='lat' dir='ltr'>quand)</span> <span class='ocrx_word' id='word_1_168' title='bbox 1273 3829 1409 3911; x_wconf 89' lang='lat' dir='ltr'>vellet.</span> <span class='ocrx_word' id='word_1_169' title='bbox 1457 3831 1570 3935; x_wconf 89' lang='lat' dir='ltr'>Apo·</span> 
     </span>
     <span class='ocr_line' id='line_1_28' title="bbox 169 3948 1570 4059; baseline 0.001 -31"><span class='ocrx_word' id='word_1_170' title='bbox 169 3949 312 4030; x_wconf 88' lang='lat' dir='ltr'>stolieo</span> <span class='ocrx_word' id='word_1_171' title='bbox 345 3952 484 4058; x_wconf 88' lang='lat' dir='ltr'>itaque</span> <span class='ocrx_word' id='word_1_172' title='bbox 532 3952 582 4031; x_wconf 87' lang='lat' dir='ltr'>ad</span> <span class='ocrx_word' id='word_1_173' title='bbox 631 3951 819 4032; x_wconf 85' lang='lat' dir='ltr'>Ethelam</span> <span class='ocrx_word' id='word_1_174' title='bbox 853 3981 948 4033; x_wconf 89' lang='lat' dir='ltr'>eunr</span> <span class='ocrx_word' id='word_1_175' title='bbox 984 3948 1244 4059; x_wconf 77' lang='lat' dir='ltr'>cornitibus⁸)</span> <span class='ocrx_word' id='word_1_176' title='bbox 1278 3964 1319 4032; x_wconf 90' lang='lat' dir='ltr'>ct</span> <span class='ocrx_word' id='word_1_177' title='bbox 1351 3951 1459 4032; x_wconf 86' lang='lat' dir='ltr'>clero</span> <span class='ocrx_word' id='word_1_178' title='bbox 1491 3951 1570 4030; x_wconf 84' lang='lat' dir='ltr'>Ro-</span> 
     </span>
     <span class='ocr_line' id='line_1_29' title="bbox 171 4071 1569 4185; baseline 0.003 -35"><span class='ocrx_word' id='word_1_179' title='bbox 171 4097 294 4151; x_wconf 90' lang='lat' dir='ltr'>mano</span> <span class='ocrx_word' id='word_1_180' title='bbox 327 4101 400 4180; x_wconf 91' lang='lat' dir='ltr'>pro</span> <span class='ocrx_word' id='word_1_181' title='bbox 433 4071 590 4182; x_wconf 76' lang='lat' dir='ltr'>parte⁹)</span> <span class='ocrx_word' id='word_1_182' title='bbox 625 4087 913 4156; x_wconf 86' lang='lat' dir='ltr'>conuenerunt</span> <span class='ocrx_word' id='word_1_183' title='bbox 945 4076 982 4154; x_wconf 95' lang='lat' dir='ltr'>in</span> <span class='ocrx_word' id='word_1_184' title='bbox 1019 4099 1166 4181; x_wconf 82' lang='lat' dir='ltr'>campo</span> <span class='ocrx_word' id='word_1_185' title='bbox 1199 4087 1294 4155; x_wconf 93' lang='lat' dir='ltr'>ante</span> <span class='ocrx_word' id='word_1_186' title='bbox 1327 4073 1569 4185; x_wconf 82' lang='lat' dir='ltr'>Rauennam</span> 
     </span>
     <span class='ocr_line' id='line_1_30' title="bbox 171 4189 1567 4305; baseline 0.003 -34"><span class='ocrx_word' id='word_1_187' title='bbox 171 4192 358 4276; x_wconf 87' lang='lat' dir='ltr'>locuturi.</span> <span class='ocrx_word' id='word_1_188' title='bbox 407 4195 604 4305; x_wconf 90' lang='lat' dir='ltr'>Dumque</span> <span class='ocrx_word' id='word_1_189' title='bbox 654 4198 692 4277; x_wconf 92' lang='lat' dir='ltr'>iu</span> <span class='ocrx_word' id='word_1_190' title='bbox 744 4198 860 4304; x_wconf 89' lang='lat' dir='ltr'>equis</span> <span class='ocrx_word' id='word_1_191' title='bbox 901 4207 1255 4304; x_wconf 76' lang='lat' dir='ltr'>uterque&#39;mutuo</span> <span class='ocrx_word' id='word_1_192' title='bbox 1284 4189 1567 4302; x_wconf 85' lang='lat' dir='ltr'>loquerentur,</span> 
     </span>
     <span class='ocr_line' id='line_1_31' title="bbox 169 4313 1566 4425; baseline 0.004 -31"><span class='ocrx_word' id='word_1_193' title='bbox 169 4342 377 4424; x_wconf 84' lang='lat' dir='ltr'>graneque</span> <span class='ocrx_word' id='word_1_194' title='bbox 412 4314 680 4425; x_wconf 60' lang='lat' dir='ltr'>videi-eruut)</span> <span class='ocrx_word' id='word_1_195' title='bbox 714 4320 797 4424; x_wconf 80' lang='lat' dir='ltr'>regi</span> <span class='ocrx_word' id='word_1_196' title='bbox 831 4319 1047 4400; x_wconf 89' lang='lat' dir='ltr'>admittere</span> <span class='ocrx_word' id='word_1_197' title='bbox 1080 4313 1256 4425; x_wconf 71' lang='lat' dir='ltr'>quod¹&#39;¹)&#39;</span> <span class='ocrx_word' id='word_1_198' title='bbox 1282 4317 1455 4399; x_wconf 88' lang='lat' dir='ltr'>Romani</span> <span class='ocrx_word' id='word_1_199' title='bbox 1472 4342 1566 4425; x_wconf 90' lang='lat' dir='ltr'>pos·</span> 
     </span>
     <span class='ocr_line' id='line_1_32' title="bbox 169 4437 1566 4548; baseline 0.005 -32"><span class='ocrx_word' id='word_1_200' title='bbox 169 4437 368 4542; x_wconf 84' lang='lat' dir='ltr'>tulabant,</span> <span class='ocrx_word' id='word_1_201' title='bbox 403 4441 507 4521; x_wconf 89' lang='lat' dir='ltr'>iuter</span> <span class='ocrx_word' id='word_1_202' title='bbox 539 4441 744 4548; x_wconf 87' lang='lat' dir='ltr'>colloquia</span> <span class='ocrx_word' id='word_1_203' title='bbox 776 4441 944 4546; x_wconf 77' lang='lat' dir='ltr'>contigit</span> <span class='ocrx_word' id='word_1_204' title='bbox 974 4440 1164 4522; x_wconf 85' lang='lat' dir='ltr'>Ethelam</span> <span class='ocrx_word' id='word_1_205' title='bbox 1189 4467 1351 4522; x_wconf 89' lang='lat' dir='ltr'>sursum</span> <span class='ocrx_word' id='word_1_206' title='bbox 1371 4440 1566 4548; x_wconf 85' lang='lat' dir='ltr'>aspicere,</span> 
     </span>
     <span class='ocr_line' id='line_1_33' title="bbox 168 4562 1565 4671; baseline 0.005 -33"><span class='ocrx_word' id='word_1_207' title='bbox 168 4587 375 4669; x_wconf 86' lang='lat' dir='ltr'>superque</span> <span class='ocrx_word' id='word_1_208' title='bbox 410 4576 535 4671; x_wconf 90' lang='lat' dir='ltr'>eaput</span> <span class='ocrx_word' id='word_1_209' title='bbox 566 4591 688 4645; x_wconf 87' lang='lat' dir='ltr'>suum</span> <span class='ocrx_word' id='word_1_210' title='bbox 723 4563 762 4643; x_wconf 94' lang='lat' dir='ltr'>iu</span> <span class='ocrx_word' id='word_1_211' title='bbox 796 4569 889 4644; x_wconf 81' lang='lat' dir='ltr'>aiire</span> <span class='ocrx_word' id='word_1_212' title='bbox 922 4563 1131 4644; x_wconf 89' lang='lat' dir='ltr'>hominem</span> <span class='ocrx_word' id='word_1_213' title='bbox 1169 4562 1360 4669; x_wconf 88' lang='lat' dir='ltr'>pendere,</span> <span class='ocrx_word' id='word_1_214' title='bbox 1383 4563 1565 4669; x_wconf 86' lang='lat' dir='ltr'>gladium</span> 
     </span>
    </p>
   </div>
   <div class='ocr_carea' id='block_1_3' title="bbox 168 4747 352 4758">
    <p class='ocr_par' dir='ltr' id='par_1_4' title="bbox 168 4747 352 4758">
     <span class='ocr_line' id='line_1_34' title="bbox 168 4747 352 4758; baseline -0.005 -2"><span class='ocrx_word' id='word_1_215' title='bbox 168 4747 319 4758; x_wconf 59' lang='lat'>-—--</span> <span class='ocrx_word' id='word_1_216' title='bbox 342 4753 352 4757; x_wconf 83' lang='lat'><em>-</em></span> 
     </span>
    </p>
   </div>
   <div class='ocr_carea' id='block_1_4' title="bbox 167 4852 1563 5164">
    <p class='ocr_par' dir='ltr' id='par_1_5' title="bbox 167 4852 1563 5164">
     <span class='ocr_line' id='line_1_35' title="bbox 277 4852 1563 4954; baseline -0.002 -23"><span class='ocrx_word' id='word_1_217' title='bbox 277 4852 299 4952; x_wconf 84' lang='lat'>¹)</span> <span class='ocrx_word' id='word_1_218' title='bbox 327 4857 406 4931; x_wconf 84' lang='lat' dir='ltr'>Get.</span> <span class='ocrx_word' id='word_1_219' title='bbox 438 4879 526 4932; x_wconf 90' lang='lat' dir='ltr'>nom.</span> <span class='ocrx_word' id='word_1_220' title='bbox 556 4859 627 4931; x_wconf 89' lang='lat' dir='ltr'>des.</span> <span class='ocrx_word' id='word_1_221' title='bbox 657 4857 693 4930; x_wconf 92' lang='lat' dir='ltr'>iu</span> <span class='ocrx_word' id='word_1_222' title='bbox 721 4857 785 4930; x_wconf 89' lang='lat' dir='ltr'>Hc.</span> <span class='ocrx_word' id='word_1_223' title='bbox 817 4857 843 4954; x_wconf 70' lang='lat'>⁸)</span> <span class='ocrx_word' id='word_1_224' title='bbox 872 4857 1121 4950; x_wconf 82' lang='lat' dir='ltr'>longobardie.</span> <span class='ocrx_word' id='word_1_225' title='bbox 1140 4859 1167 4948; x_wconf 76' lang='lat'>³)</span> <span class='ocrx_word' id='word_1_226' title='bbox 1184 4857 1280 4930; x_wconf 87' lang='lat' dir='ltr'>deest</span> <span class='ocrx_word' id='word_1_227' title='bbox 1307 4855 1342 4928; x_wconf 95' lang='lat' dir='ltr'>in</span> <span class='ocrx_word' id='word_1_228' title='bbox 1371 4858 1434 4930; x_wconf 87' lang='lat' dir='ltr'>He.</span> <span class='ocrx_word' id='word_1_229' title='bbox 1461 4853 1563 4947; x_wconf 70' lang='lat' dir='ltr'>‘lad-</span> 
     </span>
     <span class='ocr_line' id='line_1_36' title="bbox 167 4957 1560 5060; baseline 0.001 -29"><span class='ocrx_word' id='word_1_230' title='bbox 167 4980 365 5052; x_wconf 85' lang='lat' dir='ltr'>properans.</span> <span class='ocrx_word' id='word_1_231' title='bbox 410 4961 437 5060; x_wconf 79' lang='lat'>⁵)</span> <span class='ocrx_word' id='word_1_232' title='bbox 470 4963 686 5056; x_wconf 88' lang='lat' dir='ltr'>promittens.</span> <span class='ocrx_word' id='word_1_233' title='bbox 728 4957 754 5060; x_wconf 75' lang='lat'>⁶)</span> <span class='ocrx_word' id='word_1_234' title='bbox 788 4962 884 5036; x_wconf 89' lang='lat' dir='ltr'>deest</span> <span class='ocrx_word' id='word_1_235' title='bbox 920 4961 956 5033; x_wconf 91' lang='lat' dir='ltr'>in</span> <span class='ocrx_word' id='word_1_236' title='bbox 994 4963 1058 5036; x_wconf 91' lang='lat' dir='ltr'>He.</span> <span class='ocrx_word' id='word_1_237' title='bbox 1099 4959 1126 5055; x_wconf 80' lang='lat'>⁷)</span> <span class='ocrx_word' id='word_1_238' title='bbox 1155 4962 1300 5054; x_wconf 83' lang='lat' dir='ltr'>quando.</span> <span class='ocrx_word' id='word_1_239' title='bbox 1336 4964 1364 5053; x_wconf 84' lang='lat'>⁸)</span> <span class='ocrx_word' id='word_1_240' title='bbox 1393 4961 1560 5038; x_wconf 87' lang='lat' dir='ltr'>crucibus.</span> 
     </span>
     <span class='ocr_line' id='line_1_37' title="bbox 169 5061 1375 5164; baseline 0.002 -28"><span class='ocrx_word' id='word_1_241' title='bbox 169 5061 200 5162; x_wconf 76' lang='lat'>⁹)</span> <span class='ocrx_word' id='word_1_242' title='bbox 231 5071 439 5162; x_wconf 85' lang='lat' dir='ltr'>properante.</span> <span class='ocrx_word' id='word_1_243' title='bbox 473 5071 515 5160; x_wconf 86' lang='lat'>¹⁰)</span> <span class='ocrx_word' id='word_1_244' title='bbox 544 5066 729 5164; x_wconf 77' lang='lat' dir='ltr'>gratiaque</span> <span class='ocrx_word' id='word_1_245' title='bbox 757 5066 966 5142; x_wconf 84' lang='lat' dir='ltr'>riderentur.</span> <span class='ocrx_word' id='word_1_246' title='bbox 1000 5065 1042 5162; x_wconf 88' lang='lat'>¹¹)</span> <span class='ocrx_word' id='word_1_247' title='bbox 1071 5089 1145 5163; x_wconf 87' lang='lat' dir='ltr'>quc.</span> <span class='ocrx_word' id='word_1_248' title='bbox 1373 5079 1375 5084; x_wconf 76' lang='grc'><strong>“</strong></span> 
     </span>
    </p>
   </div>
   <div class='ocr_carea' id='block_1_5' title="bbox 0 0 1954 5762">
    <p class='ocr_par' dir='ltr' id='par_1_6' title="bbox 0 0 1954 5762">
     <span class='ocr_line' id='line_1_38' title="bbox 0 0 1954 5762; baseline 0 3"><span class='ocrx_word' id='word_1_249' title='bbox 0 0 1954 5762; x_wconf 95' lang='lat' dir='ltr'> </span> 
     </span>
    </p>
   </div>
  </div>
 </body>
</html>
