3900 5762
763 503 918 607 „Q

536 823 706 924 XXIV(
724 835 970 924 oenomao
996 830 1128 924 eota.

295 1089 396 1170 Poth
415 1115 511 1170 rero
528 1091 735 1193 generatio
755 1090 804 1168 de
819 1091 1062 1197 imperatore
1077 1139 1133 1152 --
1146 1089 1348 1171 Corardus
1362 1085 1389 1198 ¹)
1402 1090 1453 1172 de
1471 1089 1544 1171 Al-

159 1210 306 1315 tinburg
337 1211 558 1312 derinatnr,
592 1211 847 1318 temporibus
879 1213 985 1318 regis
1017 1211 1246 1294 Salomonis
1274 1210 1344 1292 filii
1379 1211 1543 1293 Andree

160 1332 246 1436 regis
279 1333 391 1414 venit
424 1333 463 1413 in
498 1333 761 1416 Pannoniam.
799 1333 875 1414 Hie
908 1333 1124 1417 Hernistus
1158 1345 1220 1414 est
1252 1349 1434 1415 vocatus.
1458 1331 1543 1415 Sci-

160 1453 236 1535 licet
271 1469 487 1562 propterea
520 1455 622 1536 Poth
654 1455 731 1537 fnit
764 1456 1007 1564 appellatus,
1043 1456 1139 1564 quia
1162 1455 1440 1536 internuntius
1459 1470 1544 1537 erat

162 1575 249 1658 inter
279 1577 569 1686 imperatorem
603 1576 826 1659 Corardum
863 1591 903 1660 et
935 1577 1145 1660 Andr-eam
1164 1576 1260 1684 (30)
1278 1603 1326 1658 ae
1359 1575 1543 1658 Salomo-

161 1725 237 1779 nem
271 1727 399 1804 reges.
434 1699 536 1780 Poth
570 1701 677 1781 enim
713 1702 921 1782 teutonice
953 1701 1079 1782 latine
1114 1699 1291 1782 nuneius
1324 1712 1453 1780 sonat.

298 1819 430 1903 Mersa
472 1835 610 1903 autern
653 1835 693 1902 et
725 1821 907 1928 Gregorii
942 1823 1150 1929 generatio
1184 1821 1234 1902 de
1267 1819 1438 1904 Francia
1470 1835 1543 1922 est,
1684 1807 1688 1820 ’

161 1970 202 2022 ex
231 1944 583 2049 eonsangninitate
617 1943 815 2025 Guilenni
848 1945 946 2029 dieti
979 1938 1182 2048 Comes.²)

296 2063 479 2174 qunini
512 2066 680 2172 quidem
714 2080 755 2146 et
786 2061 998 2172 Renaldi³)
1033 2066 1142 2172 origo
1176 2081 1238 2148 est
1263 2064 1313 2144 de
1346 2064 1542 2173 Yspania,

160 2215 236 2267 enm
268 2187 406 2294 regina
442 2185 694 2294 Margaretlra
730 2189 903 2296 coniuge
936 2191 1034 2272 Bele
1063 2189 1167 2294 regis
1195 2185 1266 2268 filii
1282 2187 1384 2268 Zaar
1400 2186 1544 2268 Ladiz-

158 2306 209 2410 lai,
237 2309 488 2391 Pannoniam
523 2312 736 2392 adeuntes.
769 2308 846 2391 Hie
881 2313 990 2394 enim
1023 2311 1121 2394 Beia
1151 2309 1281 2418 primo
1300 2335 1475 2390 uxorem
1493 2308 1544 2390 de

160 2427 305 2514 Paionia
339 2431 494 2514 habuit.

293 2551 356 2634 De
389 2557 651 2659 generatione
696 2581 789 2659 ergo
823 2557 941 2637 thh
975 2556 1105 2638 Keied
1140 2556 1253 2662 plura
1290 2566 1543 2654 enarrantur,

158 2675 218 2754 seri
248 2703 316 2784 pro
351 2690 461 2758 nerto
495 2704 568 2784 per
597 2676 764 2758 Petrum
798 2704 949 2785 regem,
968 2679 1066 2762 dum
1095 2677 1205 2758 idem
1237 2675 1342 2781 fugit
1359 2674 1410 2756 ad
1429 2673 1543 2757 Hen-

159 2793 270 2878 rienm
303 2797 509 2900 Cesaram,
543 2800 583 2880 in
618 2798 864 2881 adiutorium
899 2815 995 2882 sunt
1028 2802 1063 2880 ei
1098 2799 1277 2882 adducti.
1312 2795 1375 2877 De
1409 2811 1542 2882 eastrn

159 2912 268 3024 Stoph
311 2935 409 3002 sunt
449 2922 580 3002 exorti
622 2920 673 3000 de
706 2919 870 3024 Saenia,
912 2923 1024 3006 unde
1057 2924 1279 3028 imperator
1313 2918 1542 3002 Fritlerieus

161 3051 275 3122 ortum
318 3042 456 3124 habet.
498 3042 579 3126 Ista
621 3042 728 3123 enim
778 3045 986 3148 generatio
1029 3045 1079 3124 de
1114 3042 1357 3150 primatibus
1391 3039 1544 3122 Suenie

160 3161 285 3264 entim,
319 3191 523 3272 pauperes
558 3165 667 3244 enim
697 3180 794 3246 snnt
825 3167 1133 3267 hereditatibus
1166 3163 1237 3246 sed
1265 3163 1380 3269 probi
1416 3176 1456 3243 et
1472 3189 1543 3244 va·

159 3279 270 3366 lentes
324 3303 420 3368 sunt
474 3289 511 3367 in
565 3288 692 3394 patria
735 3303 972 3370 memorata.
1015 3288 1137 3370 Istius
1179 3284 1383 3394 siqnidem
1431 3285 1542 3365 Guth

163 3400 272 3487 Keled
313 3409 521 3515 generatio
565 3410 820 3516 temporibus
862 3409 1091 3492 Salomonis
1134 3409 1250 3512 regis,
1293 3405 1469 3488 Ladizlai
1502 3421 1544 3488 et

161 3522 305 3635 Geyehe
338 3533 490 3613 dnemn
528 3532 663 3612 extitit
696 3533 937 3613 exaltatum.
956 3531 1059 3613 Nam
1087 3547 1186 3611 tune
1214 3530 1301 3636 ipsa
1335 3527 1541 3634 generatio

162 3643 308 3736 induas
340 3665 475 3761 partes
508 3654 638 3736 diuisa
672 3654 758 3754 t'nit,
793 3655 962 3761 qnidam
981 3653 1156 3736 duribus
1174 3650 1430 3747 adherentes,
1452 3650 1542 3758 qui-

162 3763 241 3852 datu
269 3801 362 3857 vero
395 3773 625 3865 Salomoni:
668 3791 709 3855 et
747 3777 981 3883 specialiter
1012 3775 1132 3882 Wyd,
1181 3799 1305 3881 quem
1347 3769 1541 3854 Salomon

164 3893 344 3981 exaltasse
380 3897 618 4005 perhibetur
650 3924 776 4004 snper
799 3897 900 3980 alios
928 3899 977 3978 de
1004 3896 1266 4002 generatione
1295 3894 1542 4003 supradicta.

355 4122 483 4206 XXV.
517 4115 764 4201 (tonantio
793 4116 1018 4220 Oliuerib)
1046 4123 1094 4200 et
1119 4113 1320 4200 natolot

289 4317 383 4399 Post
416 4318 491 4399 hec
524 4317 678 4398 intrant
710 4316 916 4400 Oliuerius
935 4331 976 4397 et
991 4316 1189 4397 Ratoldus
1222 4325 1408 4422 tempore
1433 4313 1539 4418 regis

161 4417 345 4520 Colomani
380 4441 431 4521 de
464 4465 588 4550 regno
624 4439 869 4547 ripubrum.
903 4435 966 4518 De
1000 4434 1169 4519 Caserta
1201 4449 1338 4517 ortum
1370 4433 1537 4516 habent.

287 4560 348 4642 ilii
381 4587 478 4643 vero
521 4560 572 4640 de
620 4557 845 4669 Sambuk⁵)
888 4561 939 4641 de
972 4560 1191 4642 comitibus
1225 4557 1449 4665 Campanie
1483 4588 1535 4642 ex

159 4659 302 4766 Francia
334 4684 531 4767 oriuntur.
1485 4695 1489 4703 '

173 4988 179 5001 ,
213 4901 261 5008 ᾖ)
295 4908 381 4980 unde
410 4909 583 4983 Conradns
612 4911 652 4984 de
681 4909 885 5006 altenburg.
915 4909 953 4982 Τ.
986 4907 1013 5011 ¹)
1043 4929 1169 4986 torres.
1202 4909 1230 5002 ⁸)
1250 4905 1401 4983 Rinaitii.
1419 4903 1446 5008 ⁴)
1463 4906 1534 4982 011.

155 5005 229 5072 Ὴθῑῑ»
255 5001 288 5108 ³)
315 5012 477 5090 Zambuk.

241 4845 337 4862 “Q—-
