3896 5758
794 459 950 575 aa„

169 685 277 790 bant,
311 685 429 794 signa
459 713 535 770 sua
577 689 843 796 cambientes‚
887 703 929 774 et
969 689 1087 771 uelut
1125 687 1276 770 milites
1309 687 1567 796 pugnabant.

167 807 343 918 Contigit
374 825 514 891 autem
546 822 593 890 ut
624 810 837 920 Ladizlaus
869 815 909 894 in
943 809 1200 893 meridionali
1233 809 1395 892 silentio
1428 809 1478 890 ad
1500 836 1568 891 ca·

166 943 292 1013 strum
328 931 499 1014 ueniret.
532 931 645 1014 Vidit
685 950 824 1016 autem
869 933 1066 1018 Salomon
1108 932 1360 1034 uenientem,
1399 931 1568 1014 mutatis

165 1053 287 1134 armis
319 1053 598 1158 ignorabiliter
630 1055 762 1138 exiuit
792 1059 845 1138 ad
878 1055 1079 1157 onm‚sed
1111 1081 1190 1135 nec
1222 1081 1318 1135 eum
1352 1052 1569 1136 Ladizlaus

166 1175 426 1280 agnoscebat.
475 1175 624 1258 Milites
659 1205 756 1258 uero
790 1178 1021 1262 Salomonis
1054 1203 1179 1283 super
1211 1191 1344 1258 castra
1374 1175 1569 1259 sedentes

165 1296 254 1380 illos
288 1296 565 1404 aspiciebant3
598 1300 856 1408 putabatque
889 1300 1083 1384 Salomon
1116 1297 1235 1379 illum
1262 1324 1352 1380 esse
1385 1297 1570 1379 seruien-

165 1432 262 1518 tem,
296 1432 338 1500 et
368 1432 587 1526 propterea
619 1420 750 1504 iuerat
782 1424 990 1506 decertare
1009 1449 1106 1503 cum
1122 1419 1205 1500 illo.
1223 1418 1454 1526 Statimque
1473 1447 1569 1501 cum

165 1539 215 1621 ad
258 1567 356 1622 eum
397 1540 591 1644 uenisset,
636 1556 677 1624 et
714 1545 864 1627 faciem
899 1546 986 1627 cius
1024 1543 1287 1650 respexisset
1329 1541 1434 1622 uidit
1466 1541 1570 1623 duos

165 1662 332 1768 arigelos
364 1688 490 1770 super
522 1679 648 1771 caput
679 1665 808 1772 ipsius
840 1666 1018 1749 Ladizlai
1050 1665 1170 1769 igneo
1203 1663 1337 1768 gladio
1369 1663 1571 1765 volantes,

165 1797 204 1866 ct
236 1784 427 1866 inimicos
461 1786 549 1868 eius
582 1787 800 1872 minantes.
834 1788 925 1884 Quo
957 1788 1048 1870 uiso
1080 1785 1273 1868 Salomon
1306 1786 1412 1890 fugit
1443 1786 1483 1865 in
1502 1811 1572 1866 ca·

164 1919 308 1988 strum.
342 1904 418 1988 Cui
451 1907 601 1990 milites
634 1909 699 1991 sui
730 1910 945 1992 dixerunt:
971 1908 1149 1991 Domine
1168 1907 1266 2014 quid
1286 1919 1348 1988 est
1365 1906 1443 1987 hoc
1460 1906 1573 2013 quod

165 2027 375 2111 uidimus?
405 2055 622 2136 nunquam
656 2043 695 2112 te
727 2058 751 2112 a
784 2033 948 2116 duobus
981 2032 1048 2114 vel
1080 2057 1105 2111 a
1136 2030 1266 2111 tribus
1298 2029 1440 2134 lugere
1466 2027 1573 2109 uidi·

166 2177 274 2252 muS,
307 2149 406 2256 quid
441 2177 536 2257 ergo
568 2155 707 2234 nunc?
739 2153 900 2249 Quibus
932 2155 1021 2261 ipse
1054 2152 1179 2233 dixit:
1211 2149 1428 2253 Noucritis,
1462 2149 1574 2256 quod

165 2271 355 2354 homines
387 2297 471 2353 non
502 2274 700 2378 fugissem
733 2276 806 2359 sed
838 2277 914 2359 iste
946 2301 1028 2357 non
1063 2286 1126 2356 est
1159 2273 1293 2373 homo,
1339 2272 1437 2378 quia
1478 2297 1572 2379 pro·

164 2406 312 2499 tegunt
345 2420 441 2476 eum
484 2394 603 2500 igneo
651 2397 797 2502 gladio.
839 2397 931 2492 Quo
973 2396 1113 2479 audito
1154 2395 1420 2476 mirabantur.
1453 2392 1573 2475 Vnde

165 2516 303 2623 ipsum
336 2516 466 2622 magis
498 2517 642 2600 timere
676 2533 887 2627 ceperunt.
928 2519 1077 2601 Milites
1109 2543 1206 2598 vero
1240 2515 1425 2598 eiusdem
1460 2513 1575 2597 Salo·

165 2637 301 2720 monis
333 2639 578 2720 necessitate
611 2642 871 2749 conpellente
890 2643 941 2724 ad
958 2639 1195 2722 Ladizlaum
1228 2639 1465 2742 ueniebant7
1485 2636 1573 2745 ipse

165 2785 263 2842 vero
297 2759 391 2870 (92)
423 2760 559 2842 ducali
591 2762 820 2872 libertate*)
855 2780 897 2846 et
928 2762 1224 2870 benignissima
1256 2761 1441 2866 largitate
1467 2761 1574 2842 relo-

166 2882 306 2982 uebat,
341 2895 382 2962 et
413 2881 464 2962 ad
505 2883 719 2966 dominum
763 2914 887 2969 suum
928 2885 1078 2970 reuerti
1121 2885 1249 2965 libere
1292 2882 1571 2990 permittebat.

164 3002 254 3084 Rex
288 3016 429 3085 autem
462 3001 637 3110 Magnus
669 3034 718 3089 eo
750 3022 936 3116 tempore
970 3007 1106 3088 natale
1139 3005 1306 3086 Domini
1331 3004 1372 3085 in
1389 3004 1570 3109 Zugzard

165 3125 405 3208 celebrauit.
438 3124 529 3219 Quo
562 3142 730 3234 petente
762 3130 1097 3238 archiepiscopus
1119 3125 1573 3232 Desideriussollemp·

165 3275 262 3328 nem
305 3247 472 3330 missam
515 3249 752 3354 celebrauit,
786 3267 827 3334 et
858 3278 1049 3334 sermone
1091 3249 1344 3330 lucidissimo
1386 3247 1572 3328 animum

164 3369 270 3476 regis
304 3369 503 3473 deliniuit‚
538 3383 578 3452 et
610 3373 662 3454 ad
695 3376 851 3456 bonum
884 3375 997 3481 pacis
1019 3370 1244 3454 inclinauit.
1272 3368 1572 3475 Celebrataque

165 3492 302 3592 missa,
336 3492 529 3574 omuibus
562 3493 637 3574 rite
670 3497 858 3603 peractis,
893 3494 1077 3603 precepit
1108 3519 1185 3575 rex
1216 3505 1263 3574 ut
1294 3517 1438 3573 ornnes
1456 3517 1571 3596 egre·

165 3612 362 3695 darentur
393 3628 529 3720 preter
561 3617 776 3725 episcopos
810 3632 850 3700 et
882 3618 1064 3700 abbates.
1097 3615 1215 3696 Tunc
1246 3641 1319 3694 rex
1339 3641 1434 3696 cum
1453 3612 1571 3693 lacri-

165 3734 242 3818 mis
276 3747 503 3843 prostratus
536 3753 598 3818 est
629 3739 938 3848 archiepiscopo
972 3752 1014 3820 et
1045 3738 1133 3820 aliis
1166 3735 1454 3818 ecclesiasticis
1476 3762 1569 3842 per·

165 3859 277 3940 sonis
309 3883 385 3939 seu
417 3858 594 3964 prelatis,
622 3861 786 3944 dicebat
802 3889 846 3944 se
863 3887 1070 3969 peccasse,
1092 3859 1164 3966 qui
1180 3886 1352 3964 regnum
1371 3857 1570 3963 legittime

165 3979 349 4060 coronati
381 3979 486 4086 regis
518 3999 797 4089 occupauerat
829 3983 1097 4090 promisitque
1120 3979 1567 4087 reguumredditurum

164 4099 375 4182 Salomoni
408 4128 505 4182 curn
538 4129 640 4209 pace
673 4105 790 4187 firma
823 4105 901 4186 hoc
933 4103 1067 4206 modo,
1111 4104 1220 4211 quod
1257 4103 1343 4210 ipse
1376 4127 1571 4182 coronam

165 4223 253 4304 iure
294 4235 454 4304 teneret
495 4251 589 4304 cum
631 4227 750 4307 tertia
790 4239 929 4308 tamen
973 4241 1089 4333 parte
1121 4224 1247 4331 regni,
1289 4250 1371 4330 que
1404 4223 1572 4304 ducatui

164 4344 429 4454 appropriata
461 4358 568 4446 erat3
600 4346 795 4430 Salomon
829 4374 997 4455 quoque
1031 4347 1135 4429 duas
1169 4365 1303 4454 partes
1328 4345 1572 4450 regnicoro·

165 4482 287 4550 natus
318 4479 489 4568 teneret,
534 4495 636 4574 quas
678 4470 791 4577 prius
832 4470 1056 4551 detinebat.
1105 4467 1297 4575 Episcopi
1341 4493 1436 4572 ergo
1469 4467 1572 4549 letas

164 4589 243 4670 deo
275 4587 430 4694 gracias
463 4604 647 4694 egerunt,
681 4592 778 4700 quia
811 4618 947 4698 regem
982 4589 1156 4697 Spiritus
1188 4588 1319 4671 saneti
1351 4588 1488 4694 gracia
1510 4588 1572 4671 ui-

163 4711 361 4793 sitacione
393 4725 691 4818 compunctum
724 4727 765 4795 et
795 4712 1045 4796 illustratum
1077 4737 1168 4792 esse
1211 4710 1419 4793 uidebant.
1452 4709 1571 4794 'lunc

165 4900 372 4910 -—-·--...—-.

268 4967 302 5064 *)
331 4969 438 5064 regali
466 4971 685 5046 liberalitate:
715 4973 753 5048 Τ.
