3898 5752
997 438 1153 543 Q

375 659 474 733 illum
515 656 791 752 deposcentibus,
827 657 869 729 ob
899 655 1094 730 memoriam
1121 654 1184 729 lati
1227 655 1395 748 qnondam
1435 654 1526 747 patri
1570 677 1633 728 sno
1674 654 1779 728 Belae

372 780 505 867 auxilii,
536 778 702 874 pepercit.

530 901 566 976 Si
596 899 750 976 notarius
779 922 901 972 munus
930 899 1092 974 suumin
1120 897 1213 973 ouria
1249 899 1353 972 Belae
1388 898 1456 973 II-i
1488 899 1668 992 gessisset,
1707 899 1782 973 riso

373 1029 407 1098 et
435 1023 501 1098 sihi
529 1026 615 1098 bene
644 1025 724 1094 noto
759 1020 916 1114 primo
958 1020 1110 1096 Galioiae
1153 1022 1247 1110 duee,
1291 1019 1573 1094 civitatem
1614 1021 1783 1096 Galiuiam

373 1150 525 1239 tempore
553 1143 645 1217 almi
674 1141 769 1217 dunis
798 1141 864 1214 iam
894 1142 1046 1231 stetisse,
1076 1146 1110 1216 et
1138 1143 1313 1235 hungaros
1341 1160 1403 1234 per
1430 1145 1659 1234 apertam
1687 1141 1783 1216 eiua

371 1273 571 1361 portam
612 1263 787 1352 introisse,
836 1288 904 1339 uon
950 1264 1149 1358 posuisset;
1197 1269 1236 1337 ut
1277 1260 1416 1337 silentio
1462 1263 1782 1356 praetermittamus

375 1413 391 1464 r
406 1389 417 1462 i
432 1412 451 1463 n
467 1389 478 1463 i
494 1393 508 1462 t
523 1393 566 1463 at
582 1411 598 1460 e
614 1411 646 1460 m
674 1387 922 1476 Lodomeriam,
964 1408 1064 1479 quam
1092 1387 1159 1459 drrx
1189 1392 1223 1459 et
1250 1385 1416 1479 primates
1443 1385 1609 1480 hungaris
1637 1411 1659 1460 u
1675 1388 1688 1461 l
1704 1393 1718 1461 t
1732 1412 1750 1462 r
1764 1411 1784 1462 ο

374 1513 723 1605 aperuerunt,
754 1531 838 1603 quae
866 1513 980 1582 tamen
1009 1511 1090 1601 post
1117 1508 1300 1581 adrentum
1338 1529 1454 1580 eorum
1491 1506 1526 1580 in
1564 1508 1783 1583 Pannoniam

375 1634 509 1728 integro
538 1633 652 1706 seonlo
681 1630 790 1705 sarius
819 1655 839 1704 a
866 1629 1057 1705 Wadimiro
1087 1631 1103 1702 I
1132 1629 1198 1702 fuit
1226 1629 1373 1704 oondIta.

930 1943 963 2017 ΙΙ
990 1941 1226 2040 Dlplomatlaa

534 2135 566 2210 l.
596 2135 726 2210 Auctor
745 2139 863 2209 noster
883 2155 984 2227 saepe
1004 2133 1157 2208 nominat
1184 2133 1496 2227 principes,
1524 2135 1784 2228 primates

375 2267 444 2334 tam
470 2260 702 2352 hungarorum
731 2279 831 2350 quam
858 2256 1098 2343 ruthenorem;
1141 2255 1152 2328 i
1168 2278 1187 2329 o
1203 2258 1223 2330 b
1239 2255 1320 2348 agi
1338 2279 1356 2329 o
1373 2279 1394 2329 n
1411 2280 1431 2329 u
1447 2279 1480 2330 ru
1507 2260 1633 2332 autem.
1674 2279 1783 2332 sensu

376 2381 568 2475 principum
597 2383 631 2453 et
659 2379 854 2473 primatum,
899 2383 952 2451 ter
993 2376 1129 2450 omnino
1157 2377 1323 2450 meminit.
1373 2379 1473 2464 ,Dux
1501 2379 1784 2454 Lodomeriensis

377 2513 411 2575 et
439 2501 492 2576 sui
520 2500 776 2594 primates
804 2499 937 2574 obviam
965 2498 1065 2573 Almo
1095 2498 1169 2573 dnoi
1204 2503 1459 2592 processerunt.
1497 2500 1576 2574 Dux
1613 2502 1783 2575 Lodome-

377 2621 502 2696 riensis
530 2622 614 2694 duos
644 2619 735 2696 filios
763 2644 844 2696 suos
872 2644 948 2696 oum
975 2621 1133 2694 omnibus
1160 2621 1244 2694 fillis
1272 2620 1283 2693 i
1300 2643 1318 2695 o
1334 2623 1355 2693 b
1371 2643 1391 2694 a
1406 2643 1429 2714 g
1444 2620 1454 2693 i
1469 2644 1489 2695 ο
1505 2645 1525 2695 n
1542 2645 1563 2694 u
1580 2645 1613 2695 m
1640 2644 1784 2697 suorum

376 2743 454 2818 duci
480 2741 581 2816 Almo
610 2744 646 2817 in
673 2743 810 2818 obsides
837 2744 940 2818 dedit.
971 2744 1006 2816 b.
1035 2743 1090 2816 XI
1145 2744 1262 2830 ,Turro
1288 2742 1325 2817 hi
1354 2748 1424 2816 tres
1453 2744 1685 2837 prenominati
1713 2743 1783 2818 riri

377 2865 490 2941 omnia
517 2866 608 2939 farta
634 2887 697 2938 sua
724 2865 801 2939 duoi
830 2864 946 2959 hrpad
975 2867 1009 2938 et
1037 2864 1111 2939 suis
1139 2863 1786 2958 primatibuspertidelesnun·

377 2988 444 3062 lios
472 2987 730 3061 mandaverunt.
760 2985 859 3081 Quod
887 3009 963 3061 oum
990 2987 1227 3059 renuntiatum
1255 2985 1380 3062 luisset
1409 2987 1486 3062 duni
1506 2987 1625 3081 hrpad
1647 2994 1683 3062 et
1709 2990 1785 3064 suis

377 3109 792 3206 yobagyonibus,
821 3107 932 3202 gavisi
962 3111 1043 3184 sunt
1070 3107 1195 3202 gaudio
1237 3131 1360 3202 magno
1403 3111 1537 3185 raldo.“
1583 3109 1617 3186 b.
1660 3112 1784 3186 XXII.

382 3233 499 3320 ,Tune
527 3233 672 3306 Vsubnu
704 3232 739 3302 et
766 3229 874 3304 Velua
901 3253 978 3304 oum
1006 3252 1128 3325 magno
1170 3231 1297 3304 honore
1338 3237 1372 3305 et
1412 3231 1538 3326 gaudio
1579 3233 1622 3307 ad
1664 3235 1786 3308 duoem

378 3353 495 3447 Arpad
523 3351 651 3426 reversi
682 3355 776 3426 sunt.
807 3353 887 3426 Dux
916 3375 995 3427 nero
1024 3356 1058 3425 et
1086 3351 1141 3426 sni
1181 3355 1516 3448 yobagyonos
1557 3353 1693 3429 obuiam
1734 3356 1785 3430 eis

379 3479 633 3569 processerunt.
659 3475 739 3547 Dux
766 3496 846 3548 vero
873 3471 992 3567 Arpad
1021 3477 1055 3548 et
1083 3496 1200 3549 omnes
1228 3473 1284 3548 sui
1311 3475 1391 3568 pri
1409 3481 1570 3551 matos
1608 3477 1783 3552 eelebren-

379 3599 431 3670 tes
460 3595 610 3689 nuptiae,
640 3618 763 3690 magna
790 3596 945 3669 fecerunt
974 3595 1161 3670 eorruiuia.“
1192 3596 1227 3670 0.
1257 3596 1337 3672 LII.

535 3716 687 3811 Iobagio,
717 3717 799 3790 olim
827 3716 998 3811 ioubagio,
1024 3741 1090 3792 vox
1115 3717 1304 3812 hungarica
1322 3720 1449 3793 bonnm
1467 3719 1579 3794 virum
1598 3720 1783 3816 signifieat,

381 3843 521 3932 eratque
547 3838 648 3913 initio
676 3839 864 3932 appellatio
885 3839 1064 3913 meliorum
1083 3861 1100 3912 e
1120 3838 1418 3930 ministerialibus
1439 3841 1643 3917 feudatariis
1662 3865 1783 3936 nempe

382 3959 544 4034 eeclesiae
571 3961 624 4034 vel
653 3960 779 4048 nastri;
811 3983 871 4035 neo
899 3960 1050 4036 decurrit
1079 3959 1114 4034 in
1142 3960 1271 4035 obortis
1291 3961 1451 4055 genuinis
1473 3963 1580 4038 seculi
1599 3963 1781 4038 undeoimi.

383 4083 526 4156 Ineunte
555 4084 669 4156 seauln
707 4081 905 4157 duodecimo
943 4082 1092 4176 legimus
1130 4081 1279 4174 primum
1312 4083 1564 4178 elgnihoatIone
1600 4084 1782 4159 feudatarii

381 4202 623 4290 ecelesiastioi;
653 4203 742 4278 eirea
769 4205 918 4278 medium
948 4227 1026 4279 nero
1056 4203 1208 4276 eiusdem
1237 4204 1344 4278 seculi
1365 4204 1531 4279 tribuitur
1557 4207 1641 4280 haee
1658 4229 1782 4301 eogno-

380 4324 521 4399 minatio
550 4327 651 4400 etiam
680 4325 906 4400 castrensium
937 4324 1143 4418 praecipuis.
1172 4327 1289 4418 Lapsu
1311 4327 1476 4421 temporis
1496 4327 1699 4422 designabat
1716 4349 1780 4402 uox

381 4445 516 4539 iohagio
544 4444 831 4540 archiepiscopos,
854 4447 1033 4541 episcopos
1060 4448 1255 4540 optimates,
1272 4449 1439 4522 barones:
1470 4447 1624 4522 ordinem
1653 4448 1781 4522 seilicet

381 4591 401 4641 a
430 4591 508 4662 rege
538 4567 695 4661 primum.
725 4570 903 4643 Postremo
932 4569 1058 4643 amissa
1076 4571 1138 4643 hau
1158 4567 1422 4662 significatione,
1444 4569 1493 4643 sin
1517 4571 1779 4664 appellabantur·

382 4689 559 4782 usquead
588 4689 778 4764 recentiora
806 4695 959 4784 tempora
986 4692 1120 4782 rustIoi,
1151 4696 1279 4765 terram
1307 4691 1534 4780 dominorum,
1582 4715 1644 4785 pro
1682 4713 1778 4786 prae·

381 4811 502 4884 standa
529 4833 634 4903 opera
662 4811 780 4886 seruili
810 4817 843 4885 et
870 4816 968 4906 parte
998 4814 1181 4902 fruetuum,
1212 4813 1375 4886 oolentes.

538 4933 567 5008 Ε
595 4933 825 5008 monumentis
854 4935 983 5009 nostris
1012 4934 1242 5030 diplomatiois
1262 4956 1349 5028 quae
1368 4936 1410 5009 ad
1430 4933 1668 5010 instruendam
1695 4935 1776 5008 hano
