3900 5762
817 477 971 594 4¹4⁴}-

192 705 365 812 contigit
390 705 520 788 ¹llll-o
553 707 651 789 Idus
683 705 776 816 May
811 709 972 790 decima
1003 710 1102 792 hora
1136 710 1231 818 (44)
1265 708 1346 790 diei
1377 722 1498 792 sexta
1535 707 1596 790 fe·

192 827 252 908 ria
283 841 378 936 post
410 831 694 912 ascensionem
739 830 905 912 domini.
950 831 1076 928 Quasi
1117 833 1199 914 duo
1241 831 1348 913 soles
1391 830 1468 914 uisi
1500 844 1598 913 sunt

192 949 357 1032 decimo
390 950 597 1033 Kalendas
629 951 740 1060 tuly.

191 1209 297 1292 XLI.
333 1205 402 1288 Dc
429 1214 577 1289 morte
605 1210 886 1289 sanctissimi
910 1210 1109 1291 Emortui
1137 1209 1268 1292 ducit
1287 1215 1334 1290 et
1352 1208 1596 1292 orbcoionc

682 1331 921 1412 oculorum
948 1331 1111 1412 Vazul.

351 1559 574 1668 Postquam
609 1576 747 1644 autem
767 1562 1049 1667 magnilicauit
1065 1563 1257 1644 domiuus
1276 1563 1596 1645 misericordiam

189 1707 312 1762 suam
349 1709 443 1764 cum
477 1684 600 1766 beato
634 1711 728 1788 rege
761 1682 982 1791 Stephano,
1017 1683 1216 1766 uertendo
1249 1683 1368 1766 dorsa
1393 1705 1535 1791 regum
1556 1686 1596 1766 in

188 1805 340 1908 lugam
384 1830 406 1884 a
447 1804 552 1887 facie
595 1806 717 1910 gladii
760 1805 859 1902 eius,
898 1821 938 1887 et
980 1807 1161 1888 dominio
1203 1806 1292 1887 eius
1341 1807 1597 1915 principatus

188 1939 323 2032 atque
356 1941 581 2033 potestates
614 1928 871 2008 subiiciendo
890 1929 1075 2010 onmium
1100 1944 1334 2009 exterarum
1368 1929 1594 2012 nacionum

188 2047 650 2152 circumadiacencium,
690 2049 934 2132 deliberauit
974 2063 1141 2132 sauctus
1180 2077 1253 2130 rex
1287 2049 1522 2158 Stephanus
1557 2064 1599 2133 ct

185 2169 365 2252 firmiter
395 2171 548 2273 statuit,
567 2187 614 2252 ut
630 2172 823 2253 omnibus
841 2173 1004 2280 pompis
1033 2173 1243 2255 mundane
1267 2172 1392 2277 glorie
1415 2173 1594 2276 calcatis,

190 2305 233 2374 et
266 2291 487 2400 temporali
521 2294 634 2400 regui
667 2293 912 2402 dyademate
942 2295 1141 2401 deposito,
1170 2294 1297 2376 solius
1323 2294 1389 2375 dei
1421 2295 1596 2378 seruicio

184 2425 326 2498 semet
356 2415 492 2522 ipsum
528 2416 781 2522 manciparet
814 2428 855 2496 et
886 2417 938 2496 ab
972 2417 1245 2498 exterioribus
1284 2416 1392 2498 curis
1425 2418 1598 2526 expedi·

184 2555 269 2639 tuS,
305 2536 672 2645 conternplatiuam
707 2538 847 2638 uitam,
895 2537 1158 2644 tranquillant
1194 2565 1337 2645 pacem
1373 2555 1597 2646 perageret,

187 2683 388 2742 coronam
423 2685 521 2740 vero
554 2659 662 2765 regie
681 2659 935 2742 celsitudinis
952 2659 1035 2739 tilio
1053 2685 1128 2742 suo
1148 2659 1244 2741 duci
1261 2659 1461 2762 EmericO,
1479 2689 1599 2744 sauc-

185 2779 359 2864 tissimis
393 2781 576 2862 moribus
609 2781 806 2863 diuinitus
840 2783 1048 2882 instructo,
1083 2809 1126 2863 sc
1160 2782 1353 2864 daturum
1385 2783 1598 2891 disposuit.

183 2903 287 2986 Erat
320 2901 432 2984 eninr
463 2903 612 2985 beatus
644 2902 858 2984 Emericus
891 2903 930 2983 in
965 2904 1153 3012 primeuo
1186 2903 1598 3008 adolescenciellore,

183 3050 317 3133 supra
350 3051 616 3107 communem
650 3039 838 3107 naturam
874 3025 1089 3107 hominum
1123 3025 1263 3108 diuino
1281 3053 1453 3108 munere
1470 3028 1599 3109 subli-

184 3161 340 3249 matus,
374 3147 535 3230 iusticia
566 3147 793 3255 prudencia
809 3147 1045 3228 fortitudine
1079 3148 1357 3253 temperancia
1389 3149 1598 3256 sapiencia

183 3269 370 3354 sciencia
417 3269 737 3352 mansuetudine
787 3268 1065 3352 misericordia
1113 3268 1364 3373 benignitate
1411 3269 1596 3376 largitate

181 3389 422 3475 humilitate
455 3404 497 3472 et
528 3391 726 3498 patientia
760 3405 952 3490 armatus,
991 3391 1220 3498 ceterisque
1242 3389 1453 3473 catholicis
1471 3403 1596 3499 atque

180 3513 365 3626 politicis
398 3513 618 3596 virtutihus
651 3514 884 3606 adornatus,
931 3511 1118 3594 similiter
1149 3525 1190 3592 et
1223 3515 1391 3594 sanctus
1423 3511 1596 3621 Stepha-

181 3663 267 3720 nus
300 3646 419 3744 pater
449 3663 562 3718 suus.
596 3635 702 3718 Cum
733 3636 873 3744 itaque
901 3634 1184 3716 sanctissimus
1202 3649 1321 3741 pater
1337 3633 1596 3718 sanctissimo

182 3759 272 3842 lilio
306 3785 447 3839 curam
482 3757 855 3851 administrationis,
900 3769 941 3838 et
980 3755 1237 3861 gubernandi
1269 3755 1382 3860 regni
1415 3756 1597 3839 solicitu-

182 3881 333 3988 dinem
365 3879 598 3961 intenderet
630 3879 898 3978 committere,
932 3878 1079 3959 beatus
1097 3877 1182 3958 dux
1203 3876 1416 3960 Emericus
1432 3879 1599 3987 propria

183 4016 322 4084 morte
355 4013 583 4110 prouentus
616 4015 689 4083 est.
722 4001 856 4082 Fleuit
888 4013 1027 4102 autem
1061 4025 1155 4081 eum
1200 4013 1368 4082 sauctus
1400 4025 1475 4081 rex
1507 3998 1598 4083 Ste-

180 4126 365 4234 phanus,
400 4137 441 4204 et
475 4124 670 4206 uniuersa
701 4120 911 4227 Hungaria
944 4120 1296 4202 inconsolabiliter
1313 4121 1409 4227 (45)
1429 4121 1600 4228 planctu

183 4271 341 4352 magno
382 4245 514 4327 ualde.
561 4245 691 4326 Tanta
728 4271 824 4324 vero
867 4242 1016 4324 doloris
1057 4242 1279 4325 acerbitate
1324 4265 1491 4326 sauctus
1524 4271 1598 4324 rex

181 4367 427 4476 Stephanus
460 4367 745 4462 exacerbatus,
768 4365 809 4446 iu
841 4363 1124 4470 grauissimam
1144 4363 1286 4444 incidit
1303 4361 1594 4464 infirmitatem,

184 4505 230 4574 et
263 4502 359 4598 post
390 4490 544 4571 multos
577 4489 665 4569 dies
697 4487 767 4567 vix
803 4485 1138 4594 qualemcunque
1172 4483 1256 4566 uite
1290 4485 1598 4591 reparacioncm

183 4612 359 4720 recepit,
393 4609 467 4692 sed
500 4611 668 4718 pristine
702 4607 865 4690 sanitati
898 4633 1112 4714 nunquam
1150 4606 1273 4713 plene
1317 4605 1450 4711 potuit
1482 4606 1597 4688 resti·

184 4735 261 4819 tui.
315 4733 422 4815 Nam
456 4744 497 4812 et
527 4732 681 4840 pedum
726 4729 935 4812 doloribus
977 4727 1209 4832 urgebatur,
1256 4741 1296 4806 et.
1340 4726 1507 4810 tristicia
1550 4753 1598 4808 ac

183 4855 415 4966 gemitibus
448 4853 715 4952 afficiebatur,
749 4851 961 4959 presertim
995 4861 1223 4956 propterea,
1252 4846 1349 4955 quia
1380 4845 1519 4930 nullus
1536 4847 1599 4932 ui·

184 4977 369 5062 debatur
400 4976 450 5056 de
485 4973 800 5079 consanguineis
833 4972 916 5054 suis
949 4969 1135 5079 ydoneus
1167 4969 1219 5049 ad
1253 4967 1599 5071 hoc,uteomor·
