3898 5752
988 483 1143 588 aa.-

365 689 600 786 absolverunt,
631 693 783 789 filiisque
812 694 884 769 eius
921 695 1081 778 ladislao
1109 696 1212 772 Oalro
1249 693 1446 790 adscriptis,
1476 718 1611 771 omnem
1637 717 1763 790 poenae

363 816 400 890 in
428 817 590 892 Vaaulem
619 819 767 891 statutae
792 817 954 892 inuidiam
980 817 1014 891 in
1034 818 1167 894 (lislam
1186 817 1351 914 reginam,
1372 841 1525 893 sororem
1543 823 1582 892 ut
1600 819 1765 912 putabant

362 939 458 1014 Petri
487 939 716 1014 contulerunt.
757 939 814 1014 Sic
852 939 982 1044 Simon!
1010 941 1051 1016 de
1079 943 1174 1015 Kena
1212 963 1286 1014 cum
1326 939 1449 1014 ceteris
1483 939 1763 1034 chronographis.

361 1060 524 1135 Perstitit
552 1061 691 1134 interim
718 1061 814 1156 prior
829 1061 933 1135 etiam
948 1062 1089 1140 Verulis
1109 1063 1250 1158 eiusque
1266 1063 1415 1137 filiorum
1433 1062 1645 1159 genealogia,
1666 1083 1765 1155 quam

363 1182 519 1258 refellere
548 1187 690 1258 conatur
718 1185 866 1278 scriptor
893 1187 1022 1262 Kenam
1051 1189 1201 1260 secutus.
1234 1186 1412 1279 „Tradunt
1432 1185 1568 1278 quidam
1588 1183 1675 1258 istos
1695 1187 1765 1256 tras

363 1305 490 1380 fratres
519 1304 610 1380 filios
638 1305 747 1380 fuisse
775 1308 883 1380 Vaaul
912 1306 1007 1386 ducis
1036 1329 1078 1381 ex
1107 1309 1252 1400 quadam
1281 1308 1398 1400 puella
1425 1308 1466 1381 de
1493 1329 1618 1401 genere
1642 1305 1765 1380 Tatun.

363 1469 412 1482 -
442 1429 585 1502 Falsum
612 1451 675 1521 pro
712 1433 805 1503 certo
834 1433 897 1520 est,
928 1433 962 1508 et
995 1429 1143 1522 pessime
1180 1435 1376 1504 enarratum
1414 1472 1461 1484 —
1500 1428 1580 1522 quia
1614 1427 1674 1504 isti
1702 1427 1766 1501 lilii

363 1553 445 1624 sunt
473 1548 566 1624 calvi
593 1551 758 1642 ladislai,
788 1550 845 1644 qui
882 1573 1023 1628 uxorem
1060 1551 1100 1624 de
1127 1549 1302 1626 Ruthenia
1338 1551 1464 1626 dicitur
1500 1549 1684 1644 accepisse,
1723 1571 1767 1622 en

364 1693 430 1766 qua
457 1675 528 1746 tres
556 1672 615 1746 isti
645 1673 770 1747 iratres
797 1677 1040 1768 generantur.“
1075 1673 1199 1748 chron.
1229 1675 1267 1747 P.
1296 1675 1336 1748 V.
1367 1675 1447 1767 Gap.
1477 1675 1539 1747 49.

519 1795 694 1870 Habemus
732 1795 835 1870 aliam
872 1794 974 1870 etiam
1012 1795 1108 1868 ducis
1143 1795 1296 1871 ladislai
1325 1795 1419 1872 Calui
1456 1793 1694 1891 genealogiam
1731 1791 1766 1864 iu

364 1916 483 1990 charta
509 1939 611 1990 manu
640 1917 746 1991 seculi
776 1918 871 1992 xit-i
910 1918 1050 2011 scripta,
1080 1917 1175 1991 curius
1213 1919 1385 2012 specimen
1422 1915 1712 2012 lithographicum
1749 1937 1767 1987 e

363 2036 574 2112 bibliotheca
601 2039 767 2114 Caesarea
794 2040 1053 2133 Petropolilana
1092 2040 1198 2113 edidit
1231 2040 1423 2136 Bielousky
1461 2041 1497 2114 in
1534 2038 1767 2114 Monumentis

362 2159 526 2235 Poloniae
554 2161 582 2234 1.
613 2184 647 2255 p.
677 2165 776 2252 483;
806 2163 901 2237 euius
929 2161 1042 2237 uarias
1070 2163 1235 2238 lectiones
1264 2162 1439 2259 signamus
1458 2161 1560 2236 litera
1578 2165 1619 2236 Β.
1640 2161 1768 2238 Eadem

362 2282 526 2376 leguntur
544 2285 633 2376 apud
652 2284 853 2364 Pelbertum
873 2305 1027 2360 sermone
1048 2287 1207 2360 XLIX-o
1236 2286 1276 2360 de
1297 2289 1414 2359 sancto
1433 2285 1615 2359 ladislao:
1648 2283 1767 2378 ,Quod

364 2408 481 2478 autem
496 2427 638 2499 regnum
653 2406 820 2500 hungarie
836 2405 989 2500 legitime
1006 2409 1232 2482 concernebat
1251 2403 1475 2507 (commeabat
1494 2407 1534 2480 ad
1558 2407 1602 2499 B)
1630 2407 1770 2480 beatum

293 2615 296 2624 Ι
364 2546 479 2618 regem
506 2526 705 2602 ladislaum
726 2528 842 2621 potius
873 2551 972 2622 quam
1000 2530 1217 2604 Solomonem
1245 2531 1491 2622 (Salomonem)
1518 2551 1644 2623 regern,
1671 2531 1769 2622 patet

365 2642 522 2746 (scimus)
552 2669 613 2741 per
631 2649 863 2743 hungarorum
893 2651 1073 2743 cronicam,
1097 2653 1155 2725 ubi
1181 2653 1338 2742 habetur,
1370 2652 1459 2745 quod
1487 2651 1691 2725 insecundo
1717 2649 1769 2722 in·

364 2789 487 2863 gressu
505 2770 738 2865 hungarorum
753 2771 787 2846 in
804 2772 1017 2847 Pannoniam
1031 2773 1162 2866 primus
1180 2772 1340 2867 princeps
1361 2773 1429 2847 soit
1446 2771 1563 2867 Arpad
1580 2773 1768 2868 (Harpad),

366 2891 534 2968 secundus
544 2894 675 2967 Zothan
689 2892 875 2992 (Zotham),
892 2895 1017 2969 tercius
1033 2897 1221 2986 Theron,
1238 2896 1296 2988 qui
1316 2917 1367 2990 ge
1382 2895 1475 2969 nuit
1494 2898 1535 2969 tr
1547 2918 1593 2969 es
1612 2895 1629 2968 i
1636 2893 1671 2967 il
1685 2893 1769 2990 loa,

366 3011 496 3088 scilicet
515 3014 705 3110 Geysam
724 3016 937 3091 llichlem
956 3014 1201 3116 (llichlemum)
1221 3020 1264 3090 et
1284 3017 1456 3091 Caluum
1483 3017 1765 3091 Ladislaunr.

355 3135 477 3230 heyse
490 3136 612 3231 genuit
623 3141 779 3212 sanctum
794 3159 910 3232 regem
922 3139 1149 3232 Stephanum
1171 3137 1274 3212 llichl
1286 3140 1409 3214 Wanul
1424 3140 1603 3232 (Wanzul)
1623 3141 1657 3212 et
1676 3137 1768 3232 (qui)

365 3257 453 3333 obiit
478 3280 539 3351 per
567 3258 782 3334 effossionem
818 3261 992 3335 oculorum
1026 3283 1086 3354 per
1113 3260 1267 3354 reginam
1295 3262 1402 3336 Kesla
1439 3265 1632 3336 consortem
1667 3257 1767 3355 regis

364 3378 475 3455 sancti
504 3380 681 3474 Stephani.
711 3382 892 3457 Ladislaus
927 3385 1156 3478 veregenuit
1191 3387 1262 3458 tres
1300 3382 1403 3474 filios,
1433 3383 1565 3458 seilicet
1592 3381 1768 3457 Andream

365 3504 485 3576 Belam
521 3505 557 3576 et
592 3504 766 3578 Louenthe
804 3501 1054 3606 (herenthem),
1088 3506 1146 3599 qui
1184 3511 1325 3600 propter
1363 3509 1491 3580 metum
1528 3504 1619 3580 dicte
1646 3506 1768 3600 regino

366 3623 594 3719 profugerunt
630 3623 667 3698 in
693 3625 884 3700 Poloniam.
926 3627 997 3701 Ubi
1023 3629 1109 3702 Belo
1146 3628 1182 3701 in
1218 3627 1386 3723 singulari
1418 3626 1602 3725 certamina
1640 3626 1769 3702 deuicit

366 3745 544 3840 quemdam
562 3743 822 3822 Alemanum
850 3752 983 3822 statura
1002 3771 1174 3844 magnum.
1195 3751 1278 3824 Ideo
1298 3773 1360 3824 rex
1379 3749 1522 3823 Polonie
1542 3749 1650 3822 filiam
1669 3771 1768 3823 suam

368 3867 510 3942 tradidit
537 3867 604 3960 ipsi
632 3870 715 3942 Bele
742 3867 778 3941 in
808 3870 1014 3966 coniugium.
1044 3873 1096 3946 De
1125 3894 1191 3965 qna
1217 3872 1338 3966 genuit
1375 3873 1411 3945 in
1445 3871 1592 3946 Polonia
1619 3871 1768 3966 (lapsam

368 3994 402 4063 et
429 3988 637 4080 Iadislaum,
668 3993 702 4064 et
730 3989 766 4064 in
793 3992 973 4086 Hungaria
1000 4016 1105 4067 unum
1132 3992 1265 4068 scilicet
1291 3995 1548 4087 Lurnpartum.“

524 4111 672 4186 Maxime
701 4111 836 4188 diuersa
860 4137 880 4189 a
899 4114 1045 4209 reliquis
1066 4121 1118 4189 est-
1136 4115 1338 4210 genealogia
1357 4114 1515 4190 Ghronici
1530 4114 1769 4190 Monacensis:

372 4233 542 4326 ,Nomina
568 4256 687 4329 regum
723 4236 911 4330 hungarie:
948 4237 983 4312 S.
1013 4237 1210 4331 Stephanus
1248 4237 1386 4312 filius
1425 4235 1668 4312 Michaelis
1705 4235 1771 4311 filii

368 4357 524 4431 roxum
555 4379 589 4450 p.
617 4361 643 4430 l.
676 4355 844 4445 ,Genitos
872 4362 926 4434 est
953 4362 1093 4436 sanctus
1122 4359 1318 4454 Stephanus
1346 4359 1478 4454 primus
1505 4381 1568 4432 rex
1595 4359 1771 4454 hungaro-

369 4501 444 4552 rum
472 4501 492 4553 a
525 4483 648 4572 patre
684 4479 921 4572 Michaele,
958 4481 1015 4575 qui
1044 4482 1111 4556 fuit
1138 4481 1231 4556 filius
1259 4484 1381 4556 Toxun
1409 4502 1498 4557 anno
1527 4479 1654 4556 domini
1683 4503 1769 4554 non-

369 4600 559 4696 gentesimo
587 4602 708 4677 LXIX
737 4607 771 4676 et
799 4607 906 4678 matre
927 4605 1065 4680 Sarolth
1085 4606 1157 4680 tilia
1171 4605 1293 4701 Gyula.
1309 4645 1358 4658 —-
1375 4603 1494 4680 Gessit
1512 4603 1616 4678 etiam
1631 4605 1770 4677 sanetus

370 4723 460 4799 idem
489 4725 684 4819 Stephanus
712 4726 749 4800 in
777 4749 840 4800 sua
866 4727 1097 4802 adolescentia
1124 4728 1253 4802 bellum
1281 4730 1401 4802 contra
1423 4727 1540 4820 Gupan
1569 4725 1676 4800 filium
1704 4725 1770 4818 Zy-

370 4844 448 4924 rind
476 4847 571 4924 ducis
600 4853 752 4943 tempore
780 4849 944 4944 (leyche
972 4849 1121 4943 patrui
1150 4851 1186 4925 S.
1215 4848 1416 4943 Stephani!
1448 4872 1481 4943 p.
1513 4850 1636 4924 lab-a.

526 4990 632 5068 Belae
659 4988 752 5089 regis
781 4988 935 5065 notarius
962 4989 1190 5066 recentiorum
1209 4990 1250 5063 de
1270 4992 1367 5088 patre
1385 4987 1543 5065 Andreae
1562 4983 1771 5066 sententiam
