3896 5758
789 505 945 624 pq

170 756 207 822 et
238 761 289 821 ex
323 735 497 822 aduerso
526 736 662 843 chsa
687 735 774 816 dux
800 765 895 818 cum
924 737 1008 820 suis
1036 735 1182 817 acriter
1209 734 1361 818 inuasit
1385 731 1566 818 cosdem.

169 861 315 944 Milites
357 872 494 944 autem
538 857 715 939 Ladizlai
763 859 927 964 agmina
972 858 1214 963 Salamonis,
1262 870 1477 966 tamquam
1524 857 1568 939 in

170 984 332 1066 cortinis
365 997 472 1065 retro
506 980 769 1088 respicientia
801 981 970 1062 terribili
1003 980 1156 1062 tinnitu
1197 981 1430 1086 gladiorum
1472 1006 1567 1063 sau·

169 1109 281 1210 olata,
315 1107 357 1186 in
384 1119 514 1186 morte
540 1102 743 1185 conclusit
769 1103 937 1184 crudeli.
970 1101 1051 1184 Sed
1079 1130 1131 1184 ex
1158 1114 1392 1186 transuerso
1417 1103 1567 1185 milites

169 1229 300 1337 Geyse
332 1227 485 1335 pocula
525 1227 610 1307 dire
653 1227 795 1308 mortis
837 1225 993 1307 eisdem
1033 1225 1315 1333 propinarunt.
1356 1224 1570 1307 Ceduntur

167 1348 403 1452 theutonici,
436 1350 602 1454 fugiunt
633 1347 759 1449 latini,
804 1348 1028 1454 locumque
1070 1349 1167 1452 fuge
1208 1373 1292 1429 non
1334 1347 1568 1448 inueniunt,

167 1484 206 1553 et
238 1472 394 1554 cadunt
424 1485 519 1552 ants
552 1471 757 1574 hungaros
790 1482 837 1550 ut
867 1471 998 1551 boues
1015 1469 1056 1550 in
1076 1471 1286 1551 maccello.
1319 1468 1409 1549 Rex
1428 1483 1568 1552 autem

167 1594 359 1676 Salomon
391 1594 476 1674 fere
509 1592 702 1673 omnibus
735 1590 819 1674 suis
852 1591 1087 1696 interfectis,
1132 1592 1302 1698 aufugit,
1347 1591 1459 1672 etin
1492 1593 1569 1700 Zy-

166 1718 305 1822 getleu
337 1715 579 1798 Danubium
613 1714 825 1816 transiens,
868 1741 964 1794 cum
998 1714 1114 1821 Opus
1146 1713 1310 1796 Martini
1342 1714 1424 1796 filio
1457 1715 1571 1796 venit

166 1839 333 1920 tandem
366 1839 408 1917 in
441 1836 593 1918 llusuu
636 1837 686 1916 ad
722 1850 895 1918 matrem
929 1849 970 1916 et
1002 1861 1190 1918 uxorem.
1237 1837 1569 1945 Persecutusque

166 1977 226 2044 est
258 1988 357 2042 eum
390 1972 431 2040 et
462 1986 570 2062 suos,
590 1959 797 2040 exercitus
830 1959 986 2040 <lucum
1019 1984 1198 2039 amane
1230 1959 1441 2066 usquead
1474 1986 1570 2042 uos·

165 2109 320 2193 peram.
353 2082 399 2163 In
433 2083 591 2188 prefato
624 2070 805 2186 namque
838 2080 966 2188 prelio
998 2105 1084 2162 non
1116 2082 1251 2163 solum
1283 2081 1483 2163 teutonici
1499 2094 1571 2163 aut

165 2206 280 2287 latini
314 2204 563 2303 ceciderunt,
604 2203 676 2284 sed
720 2203 850 2283 maior
892 2230 985 2310 pars
1029 2204 1181 2284 milicie
1212 2204 1326 2310 regni
1359 2203 1570 2309 Hungarie

165 2327 316 2410 dicitur
347 2326 559 2408 conuisse.

321 2447 461 2531 Duces
494 2461 632 2529 autem
667 2447 803 2556 Geysa
835 2460 876 2528 ct
906 2445 1122 2530 Ladizlaus
1155 2447 1365 2556 triumpho
1397 2448 1570 2530 uictoria

164 2572 364 2654 diuinitus
407 2570 615 2653 sublimati
659 2595 783 2677 super·
825 2569 1029 2651 cadauera
1059 2557 1366 2652 interiectolum
1401 2571 1478 2652 deo
1510 2587 1573 2654 ter

164 2693 310 2777 laudes
342 2695 715 2800 proclarnauerunt.
766 2690 867 2772 Dux
909 2704 1050 2774 autem
1091 2694 1306 2776 Ladizlaus
1346 2695 1454 2776 sicut
1487 2708 1573 2776 erat
1631 2771 1634 2778 .

163 2843 331 2924 semper
378 2815 531 2896 cxinrie
578 2814 740 2921 pietatis
788 2814 934 2897 videns
981 2826 1043 2894 tot
1089 2816 1203 2897 milia
1249 2817 1570 2920 interfectorum,

164 2937 359 3046 quamuis
391 2937 546 3018 inimici
579 2937 667 3018 eius
699 2935 876 3018 fuissent
908 2937 979 3043 qui
1013 2937 1136 3019 occisi
1170 2951 1298 3042 crant,
1315 2951 1456 3020 tamen
1476 2940 1571 3047 (86)

163 3073 375 3142 commota
406 3073 503 3142 sunt
535 3058 675 3139 onmia
704 3058 864 3140 viscera
896 3059 985 3140 cius
1018 3087 1143 3166 super
1174 3059 1277 3164 illos,
1312 3075 1353 3141 et
1367 3060 1484 3143 fleuit
1500 3087 1570 3143 eos

163 3209 318 3283 amare,
352 3180 545 3263 scindens
577 3181 655 3263 sibi
687 3207 812 3286 genas
831 3194 872 3260 ct
888 3181 1057 3287 capillos
1083 3181 1254 3289 planctu
1286 3208 1448 3287 magno,
1466 3196 1571 3264 tam·

164 3332 294 3413 quarn
336 3316 467 3384 mater
502 3303 545 3383 in
577 3303 722 3383 funere
755 3302 944 3383 filiorum.
978 3302 1124 3384 Postea
1165 3305 1216 3384 (le
1253 3304 1393 3412 spoliis
1428 3330 1571 3387 corum

165 3438 404 3509 constructa
452 3438 514 3507 est
555 3425 730 3506 ecclesia
770 3424 821 3504 (le
865 3423 1074 3505 lllonorod.
1115 3424 1320 3507 llarchart
1350 3452 1450 3507 uero
1483 3426 1570 3508 dux

164 3547 482 3649 teutonicorum,
517 3559 558 3626 et
589 3545 843 3653 Sentepolug
885 3547 972 3627 dux
1005 3547 1281 3628 Bobcmorum
1320 3547 1430 3655 capti
1461 3559 1570 3652 stmt,

165 3671 368 3752 militibus
401 3670 485 3752 suis
518 3668 753 3770 interfectis,
788 3682 829 3749 et
859 3668 958 3775 ipsis
991 3670 1169 3773 grauiter
1199 3669 1438 3752 uulneratis.

325 3790 516 3898 Cumque
535 3789 749 3872 Ladizlaus
782 3791 1092 3897 perambularet
1123 3819 1294 3897 gemens
1327 3792 1370 3874 in
1392 3792 1571 3874 cadaue-

165 3916 283 3997 ribus
332 3928 586 3995 mortuorum
632 3911 779 3994 uidens
813 3911 1017 3994 cadauera
1049 3911 1184 4023 Erney
1226 3914 1399 4016 comitis,
1432 3915 1570 3996 statim

165 4037 219 4118 dc
253 4061 362 4143 equo
394 4034 567 4142 prosiliit
599 4047 640 4115 et
671 4035 809 4142 ipsum
843 4035 1107 4140 amplexatus
1140 4049 1214 4139 cst,
1260 4037 1326 4118 cui
1364 4036 1467 4118 llcns
1510 4038 1572 4118 di·

166 4160 312 4240 cebat:
354 4156 490 4264 Erney
532 4183 671 4238 conres
708 4156 822 4264 pacis
854 4171 1014 4239 amator
1045 4157 1164 4240 doleo
1197 4171 1407 4267 superte,
1452 4159 1571 4266 quasi

164 4307 295 4388 super
336 4279 501 4360 fratrem
546 4305 701 4380 meum,
735 4277 833 4384 quia
865 4292 1086 4361 cortuum
1119 4293 1160 4362 et
1197 4281 1414 4363 consilium
1448 4294 1569 4363 tuum

165 4430 272 4510 pace
305 4402 476 4509 plenum
512 4413 609 4481 erat.
642 4399 777 4495 Quem
810 4427 938 4481 manu
970 4403 1136 4510 propria
1170 4403 1315 4485 leuans
1358 4404 1569 4486 osculatus

164 4539 229 4606 est
262 4551 372 4627 eum,
405 4522 674 4630 precepitque
707 4521 907 4603 militibus
940 4525 1036 4626 suis,
1069 4537 1117 4607 ut
1149 4552 1246 4606 cum
1279 4525 1401 4606 Bacie
1440 4524 1568 4606 hono-

162 4646 278 4728 rifice
311 4645 545 4753 sepelirent.
580 4642 770 4751 Cumque
818 4644 927 4725 irlcrn
977 4645 1191 4729 Ladizlaus
1234 4675 1287 4727 cx
1330 4647 1410 4728 alia
1451 4664 1567 4756 parte

161 4768 410 4869 ambularet,
444 4766 548 4848 uidit
580 4766 759 4847 cadauer
790 4764 879 4872 Vyu
916 4781 957 4846 et
988 4767 1070 4848 ait:
1110 4767 1243 4848 Doleo
1276 4796 1403 4875 super
1435 4783 1565 4850 morte

160 4903 248 4994 tua,
282 4890 475 4998 quamuis
507 4889 627 4972 nobis
659 4915 825 4995 semper
857 4888 1234 4990 inimicusfuisscs3
1253 4889 1411 4970 utinam
1434 4891 1565 4974 uixis-

159 5040 230 5098 scs
263 5026 305 5093 ct
351 5039 578 5094 conuersus
623 5011 784 5113 fuisses
834 5023 875 5088 et
914 5036 1063 5117 pacem
1095 5011 1202 5091 inter
1234 5037 1307 5092 nos
1340 5011 1559 5096 finnasses

1427 5160 1464 5218 24
