3896 5758
1008 485 1161 588 ..aa

382 693 444 785 tos
476 699 563 786 dies
596 699 830 810 procreauit
861 701 1086 812 Geycham.
1119 699 1212 796 Quo
1245 698 1385 784 audito
1418 727 1492 782 rex
1525 696 1692 808 gauisus
1727 713 1786 782 est

381 825 517 907 ualde.
551 823 821 932 Disposuerat
853 853 949 908 eum
982 853 1056 907 rex
1090 823 1232 906 viuere
1263 824 1306 904 in
1338 823 1479 905 Talna.
1512 823 1563 905 Et
1584 823 1787 906 dabantur

383 944 420 1027 ei
452 947 605 1052 regalia
635 947 852 1056 stipendia.
887 948 1124 1054 Antequam
1159 973 1258 1028 uero
1290 973 1365 1029 rex
1403 947 1546 1028 Belam
1587 946 1785 1047 sciuisset,

383 1069 670 1152 coniurauerat
700 1097 886 1176 regnum,
919 1081 967 1152 ut
997 1083 1091 1177 post
1124 1096 1262 1174 regem
1294 1068 1403 1151 filius
1436 1066 1582 1150 sororis
1615 1095 1689 1150 sue
1716 1065 1785 1148 So·

381 1191 478 1298 phie
511 1190 678 1272 nomine
711 1190 810 1273 Saul
841 1206 1041 1297 regnaret.
1077 1190 1256 1297 Contigit
1287 1204 1427 1272 autem
1459 1205 1507 1273 ut
1538 1217 1610 1271 rex
1634 1189 1786 1271 incide-

381 1324 444 1394 ret
475 1313 516 1394 in
550 1313 849 1422 gra(113)uem
883 1313 1164 1394 infirmitatem
1195 1313 1331 1419 Agrie,
1368 1314 1424 1393 ita
1455 1325 1663 1395 utomnes
1681 1337 1786 1392 ruor-

381 1447 466 1516 tem
498 1430 598 1542 illi¹)
639 1429 851 1518 uidebant.
891 1434 992 1518 Bors
1033 1463 1131 1516 vero
1173 1435 1322 1517 Comes
1356 1448 1396 1515 et
1427 1435 1539 1516 Irvau
1572 1434 1683 1514 inani
1715 1461 1786 1540 spe

382 1556 508 1660 ducti,
542 1583 566 1654 a
599 1557 861 1640 traditoribus
894 1558 935 1639 in
968 1584 1107 1662 regem
1140 1557 1260 1638 electi
1292 1570 1400 1640 sunt.
1427 1556 1534 1638 Cum
1552 1571 1692 1638 autem
1711 1555 1786 1636 deo

382 1678 550 1760 uolente
582 1705 657 1760 rex
693 1679 984 1782 conualuisset,
1017 1679 1135 1761 Iuaui
1167 1693 1293 1787 caput
1320 1678 1553 1782 decollauit,
1571 1679 1672 1761 Bors
1690 1704 1787 1760 uero

383 1801 575 1882 comitem
609 1803 782 1910 turpiter
808 1801 859 1882 de
892 1801 1005 1883 curia
1036 1800 1178 1882 reiecit
1208 1803 1250 1883 in
1284 1800 1486 1903 Greciam,
1505 1814 1547 1882 et
1570 1800 1626 1881 ita
1659 1812 1787 1882 statu·

382 1936 578 2025 tumeat,
613 1923 724 2030 quod
757 1924 808 2004 de
850 1924 1075 2032 propagine
1117 1951 1192 2006 sua
1233 1923 1412 2030 amplius
1446 1923 1497 2004 ad
1536 1922 1693 2004 curiam
1727 1949 1786 2002 re·

383 2045 491 2150 giam
524 2044 664 2128 nullus
697 2045 845 2152 dignus
878 2073 968 2128 esse
1010 2046 1258 2128 iudicaretur·
1299 2045 1462 2126 intrare.
1510 2045 1681 2153 Propter
1711 2045 1787 2125 hoo

384 2166 592 2276 principes
626 2167 714 2250 ausi
747 2179 844 2250 sunt
874 2195 1014 2273 regem
1048 2167 1190 2250 Belam
1222 2167 1498 2271 manifestare,
1531 2167 1629 2273 quia
1664 2195 1788 2276 super

384 2288 463 2370 hoe
496 2315 569 2370 rex
604 2289 726 2372 ualde
759 2289 1016 2390 condolebat,
1054 2291 1125 2398 qui
1156 2291 1234 2374 sibi
1265 2289 1519 2372 succederet.

538 2409 627 2492 Rex
662 2423 801 2494 autem
836 2410 1071 2519 Stephanus
1103 2412 1300 2518 diligebat
1331 2413 1476 2494 Kunos
1494 2425 1594 2494 tunc
1625 2422 1786 2520 tempo·

384 2532 436 2615 ris
470 2533 563 2639 plus
596 2559 723 2641 quam
756 2533 931 2616 deceret.
968 2532 1151 2629 Quorum
1186 2535 1273 2616 dux
1307 2534 1475 2616 nomine
1507 2533 1638 2635 Tatar,
1667 2533 1786 2641 quia

384 2653 485 2734 cede
518 2654 774 2763 imperatoris
808 2683 903 2737 cum
936 2657 1080 2765 paucis
1112 2657 1163 2738 ad
1198 2684 1336 2762 regem
1367 2657 1541 2761 fugerat,
1574 2683 1670 2737 cum
1693 2683 1786 2760 rege

382 2777 631 2858 morabatur.
667 2777 757 2858 Rex
790 2791 930 2860 autem
964 2779 1107 2861 incidit
1138 2778 1179 2860 iu
1213 2779 1510 2862 dissenteriam.
1543 2777 1655 2859 Kuni
1687 2804 1786 2860 uero

385 2898 456 3003 qui
488 2899 828 3005 promissionibus
839 2895 870 3006 ²)
902 2903 1008 3004 regis
1039 2903 1203 2982 fuerant
1235 2902 1388 2984 assueti
1430 2899 1667 3001 sceleribus,
1710 2927 1787 2980 uco

382 3032 483 3101 tunc
525 3021 662 3103 minus
707 3021 925 3104 seuiebaut
954 3023 998 3104 iu
1029 3023 1248 3130 hungaros
1295 3022 1479 3129 Hungari
1512 3048 1610 3103 vero
1642 3020 1787 3103 uillani

384 3170 479 3224 oum
513 3143 738 3247 audissent,
772 3143 884 3250 quod
916 3171 991 3226 rex
1023 3146 1065 3226 iu
1098 3147 1240 3229 mortis
1274 3158 1383 3228 esset
1403 3145 1588 3246 articulo
1620 3143 1786 3224 interfe-

299 3303 304 3306 ·
383 3278 529 3346 cerunt
560 3265 717 3367 Kunos
752 3264 822 3373 qui
856 3292 999 3348 eorum
1032 3269 1142 3349 bona
1183 3267 1441 3376 diripiebant.
1492 3266 1614 3348 Tatar·
1646 3279 1784 3347 autem

382 3387 469 3469 dux
503 3385 722 3469 Kunorum
755 3403 1008 3494 conquestus
1041 3403 1103 3472 est
1134 3390 1220 3495 regi
1251 3390 1303 3471 de
1335 3416 1438 3471 nece
1471 3415 1653 3472 suorum.
1697 3387 1784 3468 Rex

382 3521 523 3591 autem
556 3511 731 3616 putabat
772 3506 949 3618 anime³)
990 3511 1295 3618 aliquantulum
1336 3511 1577 3594 alleuiatum
1611 3537 1701 3592 esse
1733 3510 1786 3591 ab

383 3630 626 3736 egritudine.
660 3630 853 3739 Cumque
884 3632 1058 3716 uidisset
1087 3633 1210 3714 Tatar
1241 3634 1525 3716 lacrimantem
1544 3644 1785 3738 ceterosque

383 3752 528 3834 Kunos
562 3752 848 3837 circumfulsos
879 3754 1167 3857 lamentantes
1207 3757 1304 3864 quia
1335 3783 1460 3863 supra
1492 3754 1663 3836 modurn
1696 3753 1786 3835 dili-

382 3873 507 3979 gebat
539 3900 620 3977 eos,
664 3875 874 3958 infremuit
907 3889 948 3957 et
979 3877 1103 3958 dixit:
1144 3876 1186 3958 Si
1218 3877 1379 3961 sanitati
1422 3876 1634 3960 restitutus
1669 3877 1785 3958 fuero

381 4020 456 4103 pro
488 4021 572 4077 uno
606 4023 785 4104 quoque,
818 4025 945 4104 quem
978 4027 1032 4080 ex
1064 4000 1184 4083 uobis
1215 4001 1521 4097 interfecerunt,
1554 3997 1698 4080 decem
1723 3997 1786 4079 in·

382 4115 593 4199 terficiam.
625 4117 746 4202 Nune
778 4119 829 4201 de
861 4120 946 4202 vita
976 4149 1071 4202 mea
1100 4149 1155 4202 ne
1178 4120 1416 4231 desperetis,
1449 4122 1548 4228 quia
1579 4119 1784 4203 conualui.

381 4238 433 4319 Et
466 4241 540 4348 hys
572 4239 691 4324 dictis
725 4242 913 4324 extendit
943 4270 1092 4326 manus
1135 4271 1231 4328 suas
1263 4245 1305 4324 in
1337 4245 1494 4327 Kunos.
1535 4243 1615 4341 Qui
1654 4241 1785 4350 preci·

381 4361 488 4470 pites
521 4361 726 4446 irruerunt
757 4363 809 4446 ad
849 4365 1120 4449 osculandum
1155 4393 1304 4448 manus
1337 4367 1437 4469 eius,
1471 4378 1513 4447 et
1554 4391 1626 4474 pre
1659 4363 1785 4445 nimia

381 4509 573 4591 pressura
605 4485 934 4590 defatigaueruut
966 4514 1118 4594 regem.
1137 4487 1255 4570 Vnde
1289 4489 1414 4570 etiam
1445 4489 1628 4572 recidiua
1646 4486 1783 4567 dolore

382 4617 599 4712 corruptus
631 4606 820 4689 sublatus
853 4621 914 4690 est
947 4608 998 4690 de
1031 4611 1180 4693 medio.
1229 4610 1311 4692 Sed
1344 4639 1439 4694 cum
1473 4622 1582 4695 esset
1613 4609 1654 4690 in
1689 4607 1782 4690 arti·

382 4727 476 4808 culo
508 4728 661 4832 mortis,
693 4729 981 4812 monachalem
1013 4731 1213 4837 habitum,
1246 4734 1388 4816 relicto
1420 4758 1558 4840 regne,
1587 4729 1779 4838 suscepit,

381 4874 489 4930 anno
521 4849 635 4956 regni
667 4849 732 4934 sui
763 4851 847 4933 X·o
880 4851 1022 4935 VIII-0
1055 4867 1097 4935 et
1128 4856 1316 4965 sepultus
1350 4869 1412 4940 est
1442 4852 1651 4942 Varadini.

489 5069 515 5175 ¹)
545 5071 730 5152 imminere.
746 5077 822 5153 add.
844 5077 882 5150 T.
905 5067 934 5171 ¹)
953 5077 1248 5173 permissionibus.
1278 5081 1317 5155 Τ.
1349 5075 1377 5176 ³)
1397 5079 1520 5157 anima.
