3900 5762
828 507 982 610 geg

201 743 348 803 uersus
391 735 465 806 est.
515 723 653 833 Arpad
694 735 836 805 autem
879 724 1041 805 interim
1088 748 1184 803 cum
1225 733 1386 827 septem
1429 717 1606 801 ducibus

201 841 454 926 Pannoniam
496 845 674 929 intrauit.
714 845 803 926 Non
847 846 954 928 sicut
985 845 1179 951 hospites,
1211 843 1285 926 sed
1318 842 1424 924 sicut
1456 855 1603 923 terram

201 963 288 1045 iure
322 966 566 1050 hereditario
600 967 870 1077 possidentes,
902 969 1019 1050 'l'uuo
1051 967 1251 1047 nuncium
1285 965 1410 1046 alium
1445 963 1497 1045 ad
1529 962 1606 1043 du·

202 1111 291 1166 cem
328 1090 530 1173 miserunt
562 1108 603 1173 et
635 1091 671 1171 ei
705 1090 811 1172 hane
843 1091 1091 1196 legationem
1125 1089 1446 1170 mandauerunt:
1466 1083 1605 1193 Arpad

201 1235 297 1290 eum
332 1212 416 1294 suis
448 1214 522 1296 tibi
554 1215 673 1294 dicit:
707 1214 816 1318 quod
850 1242 975 1321 super
1006 1214 1083 1294 ista
1114 1225 1232 1312 terra,
1251 1223 1476 1317 qnamate
1494 1234 1607 1289 eme·

200 1345 297 1412 runt
330 1333 483 1418 diutius
515 1337 631 1418 nullo
664 1337 900 1440 modestes,
920 1337 1018 1444 quia
1051 1347 1200 1416 terram
1233 1345 1349 1413 tuam
1383 1359 1479 1413 cum
1498 1355 1606 1437 equo

202 1471 404 1558 emerunt,
438 1457 607 1542 herbam
642 1486 738 1540 cum
771 1460 898 1564 freno,
932 1485 1084 1566 aquam
1103 1484 1198 1538 cum
1217 1455 1329 1538 sella.
1352 1453 1403 1534 Et
1420 1465 1464 1534 tu
1483 1479 1606 1562 prop·

202 1589 265 1656 ter
297 1579 598 1686 emphiteosim,
633 1582 673 1661 id
707 1595 769 1665 est
801 1582 979 1692 inopiam
1001 1593 1042 1662 et
1058 1578 1326 1686 cupiditatem
1345 1591 1494 1657 terram
1514 1575 1607 1656 her·

202 1698 300 1780 bam
334 1715 375 1780 et
406 1705 843 1809 aquamoonoessisti.
876 1703 1067 1810 Cumque
1100 1701 1196 1782 duci
1229 1700 1338 1781 diota
1371 1698 1607 1804 essetlega·

203 1820 257 1902 tio
291 1822 510 1907 subridens
543 1825 667 1908 dixit:
700 1825 865 1934 Equum
894 1827 1010 1909 illum
1028 1824 1178 1905 malleo
1195 1823 1332 1928 ligneo
1349 1819 1607 1922 interficiant,

202 1942 365 2025 frenum
399 1961 538 2028 autem
573 1949 614 2030 iu
647 1963 810 2057 pratum
845 1949 1070 2058 proiioiant,
1090 1946 1235 2028 sellam
1252 1971 1350 2028 vero
1367 1944 1607 2024 deauratam

202 2064 241 2146 in
276 2093 428 2173 aquam
461 2067 644 2152 Danubii
675 2073 867 2153 abiciant.
901 2070 977 2154 Cui
1010 2068 1210 2152 nuncius:
1244 2069 1295 2149 Et
1326 2065 1606 2148 indedomine

203 2187 304 2294 quid
338 2188 506 2298 dampni
539 2191 783 2276 habebunt?
815 2192 856 2276 Si
889 2221 1045 2300 equum
1079 2191 1283 2293 interficis,
1318 2188 1490 2270 canibus
1522 2185 1608 2270 suis

204 2310 399 2392 victualia
438 2312 572 2416 dabis;
614 2317 646 2398 si
687 2319 849 2398 frenum
882 2317 923 2396 iu
957 2315 1129 2396 herbam
1163 2307 1376 2420 proicies¹)
1421 2309 1608 2391 homines

203 2431 265 2514 sui
300 2433 371 2539 qui
403 2434 547 2516 fenum
579 2439 733 2520 falcant
763 2467 909 2521 aurum
942 2437 1045 2518 freni
1079 2437 1310 2536 inueniunt.
1343 2431 1385 2514 Si
1405 2459 1502 2514 vero
1528 2430 1608 2514 sel-

201 2553 284 2634 lam
318 2555 359 2634 in
392 2554 633 2644 Danubium
666 2562 794 2645 abicis
827 2561 1050 2669 piscatores
1076 2558 1184 2640 illius
1202 2585 1349 2640 aurum
1366 2555 1467 2637 selle
1484 2581 1610 2662 super

201 2675 298 2758 litus
332 2696 561 2786 exponunt,
595 2695 720 2790 atque
754 2684 923 2765 domum
957 2683 1239 2789 reportabunt.
1272 2678 1315 2760 Si
1332 2704 1426 2784 ergo
1459 2691 1609 2758 terram

203 2797 372 2880 herbam
408 2813 448 2881 et
480 2829 630 2910 aquam
672 2807 836 2909 habent,
880 2819 1012 2887 totum
1057 2805 1223 2884 habent.
1273 2801 1371 2884 Dux
1406 2826 1500 2904 ergo
1533 2798 1610 2906 hys

202 2921 352 3002 auditis
385 2925 614 3007 exereitum
649 2929 728 3009 oito
763 2927 1029 3033 congregauit
1058 2927 1209 3007 timeus
1228 2923 1411 3030 Vagaros
1431 2938 1471 3002 ct
1488 2920 1609 3002 auxi·

201 3041 301 3124 lium
337 3044 390 3125 ab
423 3046 566 3130 amicis
599 3046 875 3158 impetrauit²)
910 3065 951 3130 et
977 3050 1171 3131 omnibus
1190 3043 1607 3153 ooadn(25)natiseis

204 3164 370 3246 obuiam
403 3169 527 3251 venit.
564 3170 627 3252 Illi
660 3187 799 3254 autem
836 3172 1041 3254 interdum
1076 3197 1203 3279 prope
1236 3167 1478 3249 Danubium
1514 3191 1606 3271 per·

204 3302 421 3389 uenerunt,
454 3304 495 3370 et
526 3291 567 3371 iu
602 3321 749 3403 campo
783 3294 1059 3402 pulcherrimo
1093 3317 1257 3374 summo
1290 3289 1472 3370 diluculo
1505 3312 1610 3394 pug-

204 3435 298 3490 nam
333 3409 524 3493 inierunt.
559 3415 651 3497 Fuit
683 3431 822 3498 autem
855 3416 1057 3498 auxilinm
1092 3413 1247 3497 domiui
1280 3439 1375 3494 cum
1401 3407 1608 3514 hungaris,

204 3557 438 3637 aquomm
478 3538 582 3618 facie
625 3539 712 3621 dux
756 3567 855 3647 sepe
892 3539 1027 3620 dietus
1068 3565 1113 3620 se
1145 3538 1185 3618 in
1218 3536 1358 3640 fugam
1393 3529 1609 3613 conue1tit.

204 3651 410 3736 Persecuti
453 3674 634 3766 suntque
677 3689 772 3742 euru
810 3659 982 3765 hungari
1025 3687 1159 3766 usqne
1207 3655 1446 3738 Danubium
1482 3666 1523 3734 et
1554 3650 1609 3732 ibi

204 3800 275 3882 pre
311 3777 457 3861 timore
491 3779 532 3862 in
565 3781 804 3865 Danubium
842 3810 885 3865 se
919 3782 1097 3885 iactauit,
1116 3782 1156 3862 iu
1184 3806 1266 3888 quo
1303 3805 1375 3886 pre
1408 3801 1609 3883 aquarum

206 3897 468 3983 vehementia
499 3903 735 3986 suffocatur.
768 3904 997 3987 Retradidit
1029 3917 1167 3985 autem
1191 3902 1384 3983 dominus
1415 3897 1611 4004 hungaris

206 4017 459 4104 Pannoniam
491 4026 597 4107 siout
627 4027 850 4108 tradiderat
880 4027 1010 4134 fiiy(s)
1030 4021 1128 4133 —-³)
1161 4038 1347 4132 tempore
1380 4021 1512 4130 Moysi
1529 4034 1611 4101 ter·

206 4167 289 4223 ram
324 4139 433 4226 Seon
466 4148 571 4253 regis
606 4149 910 4249 Amorreorum,
945 4162 987 4229 et
1018 4149 1158 4229 onmia
1188 4173 1315 4252 regna
1347 4143 1541 4226 Chanaan
1569 4143 1611 4223 in

208 4261 488 4350 hereditatem.
521 4268 631 4352 Dum
668 4299 762 4377 ergo
796 4270 1037 4378 capitaneus
1064 4271 1139 4351 iste
1158 4267 1296 4376 Arpad
1315 4280 1501 4350 uteretur
1516 4290 1610 4372 spe·

209 4385 297 4466 ciali
331 4391 512 4494 quadam
557 4391 753 4497 dignitate
802 4394 843 4475 in
881 4391 1031 4502 scytia,
1065 4405 1106 4472 et
1137 4392 1245 4472 hanc
1277 4389 1447 4471 haberet
1480 4387 1610 4494 ipsius

209 4511 422 4612 generacio
466 4515 809 4597 consuetudinem
853 4513 1032 4596 Soithica
1070 4513 1271 4620 legittima
1310 4527 1351 4592 et
1382 4501 1609 4618 probata,²)

209 4641 256 4711 ut
284 4659 394 4716 unus
426 4633 466 4716 in
501 4637 765 4744 expeditione
797 4637 1077 4743 gadientibus
1110 4635 1262 4717 debeat
1292 4633 1459 4733 anteire,
1488 4632 1528 4712 in
1546 4657 1610 4712 re·

211 4749 373 4835 deundo
406 4783 502 4838 rero
535 4759 802 4864 retrocedere,
836 4761 924 4867 ipse
956 4785 1030 4867 pro
1063 4785 1112 4839 eo
1155 4757 1255 4840 alios
1298 4756 1535 4864 capitaneos
1567 4751 1610 4833 in

210 4939 413 4950 -ᾕ,

316 5014 342 5110 ¹)
371 5012 510 5110 proicis
540 5016 579 5092 T.
610 5013 638 5120 ¹)
667 5017 859 5115 imperauit.
889 5019 969 5096 God.
1001 5015 1028 5120 ³)
1057 5017 1168 5092 Israel
1195 5017 1309 5111 suppl.
1338 5015 1377 5090 Τ.
1399 5009 1428 5106 ⁴)
1448 5013 1506 5088 sic.
1528 5015 1608 5092 Ood·
