3896 5758
997 495 1153 599 „aee-

375 705 547 794 Bebemi
581 740 687 818 erge,
722 711 829 796 sicut
859 715 1070 795 furibundi
1105 727 1146 794 et
1177 714 1321 818 bibuli,
1354 715 1543 797 fecerunt
1575 715 1772 823 quemad·

375 836 545 916 modum
579 835 656 916 illis
690 834 777 915 Solt
807 836 1060 917 laudauerat.
1094 835 1147 916 Ilt
1178 837 1305 918 alium
1339 838 1538 919 truncium
1571 838 1683 920 misit
1724 839 1769 919 ad

375 985 511 1062 regem
547 959 710 1039 diceus:
743 957 878 1038 blittat
909 986 981 1037 rex
1016 958 1243 1062 sagittarios
1277 958 1385 1038 circa
1417 973 1550 1041 castra
1575 961 1703 1062 (lucis,
1722 988 1771 1040 ne

375 1079 454 1159 cito
488 1079 536 1159 ad
573 1093 703 1160 castra
737 1107 812 1161 sua
844 1081 1028 1186 equitare
1062 1079 1422 1186 preualeant.llex
1458 1094 1596 1161 autem
1631 1095 1678 1162 ut
1701 1081 1773 1163 fuit

374 1202 644 1307 impetuosus,
677 1201 776 1281 fecit
807 1200 1045 1282 sicutSoltb
1080 1203 1252 1302 dixerat,
1271 1203 1358 1284 sine
1392 1229 1560 1283 suorum
1594 1203 1772 1285 consilio.

374 1324 545 1403 Bobemi
579 1323 768 1405 uidentes
800 1324 1027 1428 sagittarios
1060 1323 1215 1423 uenire,
1249 1325 1338 1405 siue
1383 1323 1509 1404 dubio
1551 1325 1772 1426 sciuerunt,

374 1446 590 1526 ueritatem
625 1472 714 1526 esse
748 1446 858 1553 quod
892 1445 1118 1526 audierant.
1146 1443 1225 1538 oui
1258 1446 1459 1552 impetum
1495 1473 1621 1553 super
1652 1447 1772 1552 sagit·

374 1567 497 1648 tarius
539 1568 737 1647 fecerunt.
785 1567 945 1649 Bisseni
986 1583 1110 1673 atque
1154 1565 1294 1674 Syculi
1335 1567 1522 1649 uilissimi
1555 1595 1690 1674 usque
1723 1568 1772 1649 ad

374 1705 554 1771 castrum
587 1690 706 1794 regis,
739 1690 897 1796 absque
930 1689 1103 1770 uulnere
1135 1689 1357 1794 fugierunt.
1399 1688 1489 1768 Rex
1521 1705 1663 1771 autem
1696 1690 1771 1770 hoc

374 1811 559 1913 audieus,
593 1838 686 1892 cum
722 1812 864 1917 paucis
897 1811 1083 1891 celeriter
1115 1810 1317 1917 equitauit
1341 1838 1486 1892 uersus
1508 1809 1772 1917 Hungariam,

376 1934 473 2040 quia
505 1933 569 2015 sui
601 1933 760 2039 absque
802 1933 924 2014 armis
966 1945 1178 2033 uenerant,
1213 1945 1253 2012 et
1295 1933 1365 2038 qni
1406 1959 1520 2014 arma
1561 1933 1771 2015 habebant

375 2081 533 2136 armare
565 2081 609 2136 se
642 2081 725 2135 nen
764 2067 964 2161 poterant,
998 2055 1096 2161 quia
1138 2054 1254 2135 inscii
1298 2054 1403 2159 regis
1447 2055 1605 2137 consilii
1647 2067 1772 2136 eraut.

374 2178 634 2283 Putabatque
666 2205 740 2256 rex
774 2177 815 2257 in
850 2177 1019 2258 consilio
1053 2176 1244 2283 equalem
1278 2202 1322 2257 se
1356 2175 1578 2279 Salomoni,
1612 2178 1653 2256 in
1697 2179 1776 2258 lor·

374 2298 548 2380 titudine
582 2297 781 2400 Samseni,
815 2299 857 2378 in
891 2298 1064 2380 audacia
1095 2296 1243 2379 Dauid.
1278 2296 1359 2378 Sed
1392 2297 1470 2380 illis
1504 2299 1663 2406 equalis
1695 2325 1775 2380 non

376 2433 472 2502 erat.
518 2419 691 2500 Bolremi
733 2433 872 2501 autem
922 2420 1069 2501 acriter
1113 2420 1388 2501 deuastabant
1435 2435 1614 2502 castrum
1660 2421 1775 2526 regis.

374 2544 498 2625 lanus
531 2567 629 2622 uero
662 2542 770 2624 filius
802 2541 932 2624 Vrosa
963 2541 1169 2649 palatinus
1198 2568 1338 2623 cernes
1373 2591 1425 2601 —
1466 2542 1775 2648 longedesceu·

375 2665 519 2745 derant
531 2659 558 2770 ¹)
594 2663 645 2743 de
678 2691 784 2769 rege.
815 2662 895 2758 (lui
928 2692 1022 2744 cum
1057 2664 1280 2764 audissent,
1315 2663 1481 2745 silenter
1513 2691 1561 2745 ac
1593 2666 1775 2746 suauitcr

375 2812 471 2868 suos
504 2798 782 2888 armauerunt,
817 2801 857 2866 et
889 2786 1090 2894 impetum
1131 2812 1257 2892 super
1288 2785 1505 2886 Bubeium,
1540 2787 1610 2892 qui
1644 2802 1775 2868 castra

374 2908 648 2990 deuastabant
679 2902 1144 3015 feeit.2)oenu·u1itque
1177 2908 1370 2988 dominus
1404 2934 1474 2989 ees
1492 2908 1531 2988 in
1566 2935 1635 2988 ore
1653 2906 1774 3013 gladii

374 3032 665 3136 hungarorum,
700 3045 740 3110 et
773 3030 858 3110 dire
892 3025 1052 3137 morti³)
1086 3029 1299 3112 sauciauit.
1318 3028 1511 3137 llisitque
1531 3031 1655 3112 lanus
1682 3043 1773 3138 post

373 3181 512 3260 regem
545 3153 758 3254 nuncium,
794 3165 834 3232 et
865 3151 1146 3232 manifestauit
1177 3151 1233 3231 illi
1278 3151 1505 3254 uictoriam,
1540 3179 1666 3259 quam
1701 3151 1772 3232 ‹lo-

374 3277 511 3358 minus
545 3275 621 3356 sibi
655 3274 834 3356 dederat.
871 3273 959 3354 Rex
993 3273 1132 3379 itaque
1165 3300 1356 3354 reuersus
1381 3274 1548 3377 gauisus
1581 3291 1644 3358 est
1674 3302 1773 3379 gau·

374 3398 440 3480 dio
474 3423 634 3501 magno.
672 3395 749 3477 Sed
784 3396 907 3476 ualde
940 3395 1082 3492 doluit,
1117 3395 1213 3500 quia
1245 3393 1332 3475 Solt
1371 3395 1412 3476 in
1455 3396 1601 3476 eodem
1644 3397 1772 3502 prelio

374 3538 561 3600 mortuus
594 3545 676 3599 nen
709 3518 798 3618 fuit,
832 3519 904 3623 qui
936 3531 1049 3598 tanta
1090 3518 1199 3598 mala
1238 3513 1504 3624 mendaciisl)
1537 3517 1768 3599 simulabat.

528 3640 619 3720 Rex
663 3653 803 3722 autem
846 3639 1080 3747 Stephanus
1122 3639 1365 3743 legittimam
1411 3639 1581 3721 nolebat
1622 3640 1773 3720 ducere

374 3763 697 3870 nullom-em,
741 3762 813 3843 sed
856 3761 1097 3842 concubinis
1139 3760 1423 3842 meretricibus
1466 3762 1632 3843 iunctus
1675 3773 1771 3840 erut.

375 3887 510 3981 lluare
543 3885 718 3966 barones
753 3899 792 3963 et
824 3885 1042 3991 optimates
1076 3882 1331 3964 dolentesde
1365 3883 1476 3988 regui
1511 3883 1771 3964 desolacioue

374 4023 415 4088 et
446 4005 550 4112 regis
584 4005 806 4106 sterilitate,
840 4006 1051 4087 duxerunt
1083 4004 1120 4086 ei
1152 4031 1327 4086 uxerem
1360 4005 1569 4086 dominam
1604 4005 1772 4086 nobilis·

373 4130 518 4212 simam
553 4128 677 4209 tiliam
712 4127 817 4232 regis
850 4127 1015 4208 Roberti
1047 4125 1232 4208 Viseardi
1266 4125 1316 4206 dc
1351 4127 1514 4232 Apulia.
1542 4125 1663 4207 Venit
1695 4125 1771 4206 ita·

375 4279 456 4359 que
489 4250 576 4332 (lux
608 4246 952 4356 tentoniceru1n⁵)
987 4249 1152 4330 nomine
1180 4247 1311 4328 Rezcu
1347 4247 1398 4329 ad
1431 4277 1581 4354 regem,
1601 4263 1642 4329 et
1671 4273 1770 4328 con-

374 4386 546 4482 questus
580 4373 615 4453 ei
649 4385 721 4475 est,
755 4386 801 4451 ut
843 4372 966 4451 irater
1007 4399 1107 4453 suus
1151 4397 1246 4451 enm
1291 4369 1341 4449 de
1385 4371 1540 4453 ‹lucatu
1573 4369 1768 4470 eiecisset,

374 4523 604 4602 rogansque
652 4493 756 4598 regis
805 4493 1087 4595 clemenciam,
1135 4491 1254 4573 utin
1288 4492 1451 4600 propria
1490 4517 1665 4600 persona
1693 4517 1771 4573 sua

373 4703 580 4713 ———-—

482 4787 507 4882 ¹)
536 4789 768 4876 descenderat,
798 4786 960 4876 audisset,
991 4784 1146 4859 arurauit.
1177 4786 1215 4858 Τ.
1247 4789 1325 4878 pest
1352 4807 1464 4859 comes
1485 4783 1766 4877 exciditaliquid.

376 4901 403 4985 ²)
432 4897 471 4968 T.
501 4899 609 4988 putat,
640 4895 792 4966 feceruut
821 4892 887 4986 legi
918 4891 951 4964 iu
980 4891 1059 4964 Oorl.
1091 4891 1119 4980 ³)
1148 4889 1223 4963 dira
1250 4898 1358 4963 morte
1387 4890 1425 4962 T.
1464 4887 1493 4988 ⁴)
1524 4890 1596 4963 suis
1625 4889 1698 4962 add.
1726 4887 1768 4962 Τ.

376 5006 403 5094 ὑ)
432 5001 505 5074 Iam
533 4999 568 5071 in
597 4998 744 5072 editione
773 4999 911 5070 uelatur
938 4996 1119 5089 legendum
1146 5017 1221 5068 csse
1250 4995 1498 5068 Ruthenorum.
