3886 5776
303 711 372 796 57.
408 713 570 822 Bctse¹)
620 743 718 797 rero
759 731 798 797 et
832 717 1012 824 Gregory
1053 716 1240 797 similiter
1287 717 1337 796 de
1379 717 1549 800 Francia

155 839 354 944 generatio
388 839 526 942 oritur,
561 866 613 920 cx
648 839 890 944 cognatione
925 838 1134 919 Guilielmi
1169 838 1263 918 dicti
1298 837 1464 922 Cernes.

302 961 372 1042 58.
408 961 542 1042 Buzad
573 976 710 1042 autern
740 961 948 1066 generatio
976 961 1027 1040 de
1056 960 1170 1042 llesn
1190 961 1388 1065 originem
1415 963 1547 1065 trahit,

156 1083 306 1164 nobiles
324 1083 375 1162 de
397 1082 581 1164 districtu
600 1081 819 1164 Wurburc.

303 1204 372 1284 59.
406 1203 634 1285 llennanni
666 1205 870 1310 siquidem
900 1205 1108 1309 generatio
1128 1231 1180 1284 cx
1199 1204 1454 1287 Nuremberc
1472 1207 1550 1288 ori-

154 1343 222 1430 tur,
255 1325 353 1408 satis
385 1339 483 1406 sunt
512 1326 671 1408 nobiles
706 1355 801 1408 cum
835 1327 974 1431 regina
1008 1326 1122 1408 Kisla
1155 1327 1424 1409 intrauerunt.

301 1448 371 1528 60.
389 1447 468 1528 Sed
489 1448 545 1528 illi
564 1448 634 1554 qui
654 1447 820 1529 llodoan
839 1462 880 1529 et
896 1448 1053 1554 Bagatlr
1063 1443 1094 1555 ²)
1113 1449 1379 1531 nominantur
1407 1478 1546 1532 eorum

153 1570 354 1674 generatio
382 1570 433 1650 de
464 1570 631 1650 lloemia
658 1586 791 1651 ortum
818 1570 965 1669 halret3
998 1570 1184 1650 similiter
1212 1585 1252 1651 ct
1280 1571 1455 1675 illorum,
1479 1573 1549 1680 qui

153 1693 197 1772 de
228 1691 368 1772 Lodan
403 1706 501 1773 sunt
533 1691 679 1773 vocati.

301 1815 370 1894 ol.
405 1815 611 1894 Comitum
648 1843 743 1895 rcro
772 1813 949 1896 Simonis
983 1829 1023 1895 ct
1055 1815 1186 1896 sratris
1221 1815 1308 1898 cius
1337 1816 1550 1898 Michaelis

152 1936 351 2037 generatio
385 1937 455 2041 qui
490 1935 821 2017 llcrtiusdorfarii
840 1939 1115 2036 nominantur,
1134 1937 1280 2019 (liebus
1314 1939 1419 2044 regis
1438 1938 1548 2019 Emi-

153 2054 257 2162 rici³)
290 2057 358 2138 tilii
393 2057 491 2139 Bclc
524 2059 630 2138 tertii
664 2087 757 2140 curn
793 2060 931 2162 regina
952 2059 1192 2140 Corrstantia
1223 2060 1307 2139 filia
1324 2061 1429 2164 regis
1450 2065 1550 2142 Ara-

93 2199 96 2206 ·
152 2181 276 2284 gonic,
309 2207 390 2285 que
424 2209 531 2261 nxor
562 2175 735 2286 fueraff)
769 2181 873 2286 regis
907 2179 1070 2261 llrnirici
1103 2181 1284 2262 honestis
1312 2209 1454 2264 secum
1474 2184 1550 2263 nri-

154 2302 295 2404 litibus,
330 2317 371 2382 ct
411 2302 562 2382 tinnilia
605 2302 893 2384 decentissima
935 2302 1186 2404 introductis,
1222 2304 1263 2383 in
1297 2303 1550 2410 Hungariam

154 2424 461 2530 pornposissirne
507 2424 699 2506 introinit.
749 2425 851 2520 Quia
903 2455 997 2505 cum
1034 2453 1175 2506 corum
1211 2427 1420 2529 generatio
1454 2455 1549 2508 cum

155 2547 325 2653 quodam
360 2572 509 2650 magno
543 2547 691 2627 comite
725 2575 798 2652 pro
833 2547 947 2629 iustis
982 2562 1021 2629 et
1054 2547 1173 2627 certis
1194 2548 1327 2630 causis
1354 2549 1550 2630 continuo

156 2668 370 2770 dimicaret,
404 2667 570 2747 tandem
607 2682 748 2749 contra
782 2668 915 2774 ipsum
951 2671 1143 2750 comitem
1179 2670 1409 2750 exercitum
1452 2698 1550 2752 con·

156 2817 316 2896 gregans
350 2791 478 2871 fertur
509 2791 737 2872 dimicasse.
768 2791 846 2872 Vbi
881 2794 1062 2898 prelatus
1097 2818 1271 2895 magnus
1305 2817 1444 2873 comes
1476 2821 1552 2900 per

156 2910 355 2993 Simonem
390 2927 548 3019 patrem
583 2913 739 2994 scilicet
771 2913 932 2994 comitis
965 2913 1142 2995 Simonis
1176 2927 1217 2993 et
1249 2911 1451 3021 comitis⁵)
1475 2914 1550 2994 lli-

158 3035 311 3137 chaelis,
345 3062 393 3115 ac
426 3035 683 3116 llertranunn
719 3036 949 3143 patruelem
992 3038 1172 3144 ipsorum
1220 3035 1455 3142 captiuatus
1488 3037 1550 3118 iu-

157 3157 322 3261 gulatur.
356 3155 496 3236 Simon
529 3184 627 3236 vero
672 3170 713 3238 et
745 3157 981 3240 Bertramus
1032 3158 1285 3239 inimicitiam
1337 3155 1549 3266 perinde⁰)

160 3280 436 3361 contrahentes
469 3307 565 3360 curn
597 3279 739 3384 regina
771 3295 998 3361 memorata
1030 3280 1148 3388 primi
1184 3280 1340 3360 adeunt
1371 3279 1413 3359 in
1445 3281 1550 3362 Pan·

160 3402 326 3482 uoniam.
361 3401 546 3496 Quorum
581 3401 748 3508 quidem
785 3401 1081 3507 ingenuitatem
1101 3401 1320 3509 experiens
1347 3429 1419 3482 rex
1438 3401 1550 3482 Emi-

160 3523 256 3606 ricus
287 3525 464 3605 letanter
496 3523 673 3631 excepit,
691 3523 867 3630 latisque
887 3538 928 3604 et
944 3525 1093 3632 amplis
1120 3523 1296 3631 pheudis
1315 3523 1355 3604 in
1377 3524 1550 3606 diuersis

160 3644 357 3752 Hungarie
391 3645 575 3753 partibus
608 3645 792 3727 noscitur
824 3646 1053 3728 inuestisse.
1073 3646 1178 3742 Quia
1211 3672 1309 3726 roro
1342 3647 1550 3751 generatio

160 3769 358 3876 sepedicta
392 3769 432 3849 in
465 3794 591 3874 regno
625 3768 788 3874 lspanie
839 3768 957 3874 plura
1005 3783 1137 3852 eastra
1185 3768 1379 3876 possidet,
1421 3797 1549 3852 unum

160 3905 286 3974 tamen
322 3917 375 3971 ex
409 3890 488 3974 illis
521 3890 661 3970 existit
693 3889 880 3996 capitale,
900 3891 1009 3996 qnod
1029 3891 1147 3972 Boiot
1164 3891 1417 3992 nominatur,
1440 3893 1551 3973 undo

160 4013 295 4120 prefati
328 4014 499 4096 comites
534 4029 574 4093 et
607 4038 751 4093 eorum
782 4039 1041 4118 precessores
1079 4012 1257 4121 priorum
1303 4012 1548 4094 descensum

163 4135 259 4216 circa
288 4134 549 4241 Nergedsccg
581 4134 699 4214 Boiot
730 4148 998 4215 uocauerunt.
1027 4134 1246 4214 Generatio
1281 4159 1448 4240 quoque
1483 4161 1551 4215 eo·

163 4257 323 4340 rundem
359 4257 397 4337 in
433 4269 550 4340 scuto
583 4255 763 4362 aquilam
813 4259 917 4336 t'crre
966 4257 1081 4356 solet,
1116 4281 1239 4362 quarn
1285 4256 1352 4336 alii
1401 4256 1551 4338 milites

165 4381 321 4460 comites
355 4382 394 4461 in
429 4378 593 4486 lspanin
625 4379 783 4458 deferre
817 4406 899 4457 nou
933 4395 1192 4486 presumunt.
1214 4377 1551 4485 Eapropterqui·

165 4499 260 4602 dem,
292 4503 401 4609 qnod
437 4501 663 4582 exercitum
699 4499 864 4580 Soldani
899 4500 949 4580 de
992 4500 1172 4599 'l'unisio,
1207 4500 1278 4606 qui
1317 4498 1550 4581 llaioriearn

167 4635 201 4702 et
227 4623 460 4706 lllinoricam
494 4622 650 4705 insulas
683 4649 757 4728 per
788 4649 918 4704 naues
952 4622 1139 4703 intrando
1174 4635 1214 4702 et
1247 4622 1397 4702 classes
1427 4649 1550 4704 occu-

167 4761 365 4848 pauerant,
408 4745 554 4827 ceteris
593 4744 791 4825 militibus
827 4745 932 4849 regis
977 4744 1201 4850 Arragonie
1250 4743 1549 4844 deficientibus

262 5005 285 5104 ¹)
313 5009 429 5078 Bccse.
462 4999 489 5096 ²)
521 5005 662 5077 Bakatlr.
695 4997 722 5092 δ)
755 5003 909 5076 Eurorici.
942 5007 970 5093 ⁴)
1000 5007 1081 5075 erat,
1116 5000 1142 5100 ⁵)
1172 5025 1234 5076 orn.
1266 5005 1328 5076 He.
1349 5001 1375 5094 ⁸⁵)
1397 5002 1550 5096 proirnlo.
