3896 5758
326 747 404 805 eos.
428 717 651 804 honorilice
684 716 954 828 susciperent.
988 717 1178 830 Cumque
1195 721 1437 806 festinanter
1454 719 1627 833 predicti
1645 722 1730 834 epi·

325 844 440 952 scopi
471 844 521 926 ad
555 845 695 926 locum
727 843 941 926 uenissent
973 843 1043 950 qui
1077 845 1225 928 dicitur
1256 846 1387 954 Gyod,
1420 847 1477 928 ibi
1494 847 1535 930 in
1554 848 1731 931 ecclesia

325 980 467 1050 sancte
500 964 663 1068 Sabine,
696 967 937 1074 priusquam
973 966 1022 1046 ad
1058 967 1246 1050 dominos
1278 969 1384 1051 irent
1400 971 1568 1052 missam
1587 971 1731 1052 audire

326 1090 560 1171 uoluerunt.
593 1089 746 1171 Beatus
777 1089 918 1194 itaque
945 1087 1151 1172 Gerardus
1170 1090 1390 1198 episcopus
1412 1091 1734 1176 sacerdotalibus

325 1211 512 1294 uestibus
545 1211 597 1293 ad
630 1210 920 1292 celebrandam
954 1211 1121 1292 missam
1155 1212 1336 1316 indutus,
1356 1215 1732 1320 exortacionisgra·

326 1331 1734 1444 mmwmeumdmmrffimmmmmmmufflet

326 1453 1732 1563 mmmfflssffimqmmfflmmmoemssmmmdmi

327 1575 1734 1688 mmdmfflnfflmmmmmcmmammmffinmfflmfflu

327 1699 1734 1810 dmpmoemmm.Efficmmrmmnmmrmffismmmmn

327 1825 394 1905 dei
436 1823 549 1931 quod
588 1821 715 1904 michi
753 1821 795 1902 in
839 1822 916 1902 hac
948 1838 1069 1905 nocte
1113 1824 1343 1906 reuelatum
1378 1840 1451 1908 est.
1497 1825 1590 1906 Vidi
1624 1826 1735 1907 enim

328 1945 542 2030 dominum
576 1957 762 2028 nostrum
794 1941 938 2026 desum
989 1945 1196 2028 Christum
1230 1946 1270 2027 in
1302 1943 1444 2053 pluteo
1477 1949 1734 2032 sanctissime

328 2068 469 2150 matris
501 2094 577 2150 sue
610 2093 776 2174 semper
808 2066 976 2170 uirginis
1010 2067 1135 2149 illaria
1169 2067 1397 2170 sedentem,
1440 2070 1642 2178 nobisque
1684 2070 1735 2152 ad

327 2217 373 2274 se
403 2190 563 2273 uocatis
595 2180 647 2270 de
680 2215 808 2271 manu
841 2213 918 2271 sua
950 2191 1130 2299 corporis
1164 2204 1204 2270 et
1236 2192 1446 2296 sanguinis
1479 2194 1542 2274 sui
1584 2192 1736 2274 encha-

328 2313 484 2397 ristiam
525 2311 916 2393 communicantem.
964 2313 1121 2394 Beneta
1162 2339 1260 2392 uero
1301 2314 1522 2421 episcopus
1555 2342 1650 2396 cum
1684 2314 1735 2396 ad

330 2464 425 2518 eum
475 2433 730 2536 accessisset,
777 2434 949 2516 retraxit
991 2436 1027 2516 ei
1061 2433 1246 2516 Christus
1280 2435 1582 2520 eucharistiam.
1615 2435 1735 2518 Vnde

329 2559 418 2666 ipse
450 2556 572 2638 hodie
604 2555 774 2638 martirii
816 2556 943 2637 nostri
987 2557 1190 2638 consortio
1239 2557 1479 2664 priuabitur.
1528 2559 1625 2642 Post
1656 2558 1734 2639 hoc

329 2693 469 2763 autern
502 2679 649 2761 beatus
682 2677 889 2761 Gerardus
921 2679 1137 2762 admonuit
1169 2705 1238 2760 eos
1272 2694 1318 2760 ut
1350 2680 1644 2764 confiterentur
1676 2681 1735 2761 al·

329 2813 533 2884 terutmrn
565 2812 738 2908 peccata
769 2826 856 2898 sua,
891 2816 931 2882 et
963 2801 1103 2884 audita
1135 2802 1261 2883 missa
1294 2803 1465 2884 orationi
1490 2803 1736 2886 incumben-

328 2939 403 3028 teS,
437 2936 479 3005 et
511 2935 622 3004 certa
654 2948 728 3031 spe
761 2937 901 3005 eterne
934 2924 1201 3006 beatitudinis
1234 2951 1307 3030 per
1341 2925 1567 3007 martirium
1585 2925 1737 3034 adipis-

331 3045 463 3129 cende
496 3044 690 3148 letificati,
724 3071 869 3129 omnes
903 3046 1329 3127 comnmnieauerunt.
1349 3047 1444 3155 (58)
1463 3046 1624 3128 Deinde
1643 3073 1736 3155 per·

329 3182 530 3252 rexerunt
560 3194 635 3276 per
667 3168 743 3248 iter
773 3195 920 3252 uersus
964 3183 1127 3276 portum
1171 3165 1353 3250 Danubii
1386 3170 1429 3250 in
1460 3169 1595 3253 Pestlr.
1633 3171 1736 3250 Bea-

329 3307 396 3374 tus
428 3303 569 3373 autem
610 3290 815 3372 Gerardus
854 3291 1073 3399 episcopus
1117 3318 1212 3372 curn
1255 3307 1365 3372 esset
1396 3293 1534 3374 breuis
1567 3305 1735 3393 statura,

330 3441 560 3521 omnesque
593 3413 703 3496 uires
737 3439 833 3495 suas
859 3415 899 3494 in
919 3413 1093 3496 seruicio
1111 3412 1177 3492 dei
1194 3412 1380 3495 funditus
1398 3415 1736 3522 consumpsisset,

331 3563 474 3620 currus
507 3535 787 3618 subueccione
821 3537 1025 3617 utebatur.
1060 3535 1249 3640 (lrnnque
1283 3535 1333 3615 ad
1368 3537 1599 3644 predictum
1642 3561 1737 3644 por·

331 3655 1737 3765 tmnummmtemeumimmismmulbmaetmmmmm

331 3781 406 3882 sui,
443 3779 690 3861 demonibus
722 3781 846 3886 pleni,
880 3779 1032 3887 quibus
1066 3807 1109 3862 se
1144 3779 1252 3886 ipsos
1286 3779 1737 3883 dedicauerant,irrue·

332 3914 428 3985 runt
458 3903 500 3983 in
534 3901 763 4009 episcopos,
797 3915 838 3982 et
869 3902 909 3983 in
944 3929 1089 3982 omnes
1122 3900 1254 3982 socios
1288 3929 1442 4003 eorum,
1462 3917 1503 3984 et
1529 3902 1737 4011 lapidibus

333 4051 403 4108 eos
436 4024 680 4106 obruebant.
712 4024 866 4105 Beatus
899 4037 1037 4105 autem
1072 4023 1277 4104 (letardus
1311 4026 1530 4133 episcopus
1564 4052 1634 4106 eos
1667 4025 1737 4132 qui

333 4175 377 4230 se
409 4145 661 4256 lapidabant,
697 4145 977 4228 indesinenter
1010 4147 1141 4226 crucis
1174 4146 1289 4250 signo
1322 4148 1581 4253 insigniebat.
1608 4147 1739 4228 atilli

333 4269 413 4352 hoc
444 4267 534 4352 uiso
567 4267 698 4350 multo
731 4268 860 4373 magis
893 4269 1100 4351 seuientes
1133 4268 1335 4374 impetum
1364 4271 1552 4352 fecerunt
1568 4270 1609 4351 in
1629 4295 1737 4371 enm,

335 4404 377 4474 et
408 4403 647 4475 euerterunt
680 4418 845 4474 currum
879 4390 967 4474 eius
1000 4391 1040 4470 in
1070 4391 1229 4498 rippam
1264 4391 1458 4494 Danubii,
1491 4391 1633 4498 ibique
1666 4392 1739 4473 ab·

335 4513 1738 4618 mmmeomemudmnwmammmmmmmmKo

336 4635 490 4718 lenfeld
522 4633 856 4742 submiserunt,''⁶)
891 4647 931 4715 et
962 4635 1060 4716 dum
1096 4634 1230 4715 adhue
1264 4636 1483 4744 palpitaret
1512 4637 1553 4716 in
1573 4648 1737 4743 pectore

336 4758 481 4840 lancea
514 4783 746 4864 percussus,
781 4784 828 4838 ac
862 4757 1009 4837 deinde
1043 4785 1168 4863 super
1201 4786 1330 4838 rmum
1374 4759 1553 4865 lapidem
1587 4756 1737 4838 contri·

339 4947 526 4956 *au-.-

441 5014 474 5114 *)
504 5017 531 5090 Τ
564 5017 864 5106 ,submersurum
895 5017 982 5114 legit
1010 5015 1045 5091 in
1073 5019 1145 5094 eod.
1176 5019 1235 5094 ssd
1263 5041 1331 5096 uon
1360 5015 1409 5094 ita
1435 5020 1500 5096 est.
