3896 5758
767 491 922 596 „aa

154 707 385 794 destinauit·
415 707 493 806 Qui
527 710 680 817 Apulia
711 710 885 818 spoliata
910 737 983 818 per
1014 720 1096 791 tres
1123 737 1288 792 menses
1306 730 1545 816 permanse-

153 845 240 913 runt
269 833 312 912 in
345 860 405 914 ea.
439 833 518 914 Vbi
553 834 677 912 etiam
697 831 948 939 Monopolim
984 844 1025 911 et
1039 831 1322 918 Brundusium
1357 832 1546 914 ciuitates

153 968 445 1062 expugnantes
478 953 648 1035 Venetis
682 954 733 1035 ad
765 955 993 1035 tenendum
1027 980 1100 1061 pro
1133 955 1308 1036 utilitate
1341 955 1447 1059 regis
1466 953 1544 1035 Co-

153 1077 298 1156 lomani
331 1077 598 1184 reliquerunt.
631 1076 714 1182 Ipsi
748 1093 885 1157 autem
920 1078 959 1157 iu
983 1075 1237 1180 Huugariam
1266 1076 1417 1157 abinde
1450 1088 1548 1158 sunt

153 1199 310 1280 reuersi.
347 1197 436 1293 (lue
470 1199 638 1305 quidem
673 1199 872 1299 ciuitates,
907 1226 981 1304 per
1012 1198 1191 1280 soldatos
1217 1194 1546 1304 Parisanorurn¹)

153 1321 292 1401 missos
325 1348 399 1427 per
431 1319 622 1401 Cesarem
657 1321 841 1426 expulsis
876 1320 1043 1400 Venetis
1077 1331 1173 1402 sunt
1205 1320 1400 1400 rehabite.
1442 1319 1546 1424 Reg-

153 1443 262 1522 nauit
302 1457 439 1524 autem
482 1443 600 1524 annis
644 1441 760 1523 XXV
803 1443 1016 1523 mensibus
1060 1439 1128 1520 VI.
1162 1441 1309 1523 diebus
1342 1441 1390 1521 V.
1425 1443 1546 1521 Anno

153 1563 301 1643 rloruiui
334 1562 422 1644 Ill-o
455 1563 533 1646 C-o
566 1564 728 1645 Xllll·o
761 1565 879 1644 tertio
898 1562 1035 1644 Nonas
1054 1563 1262 1644 Februarii
1296 1564 1397 1644 t'eria
1428 1562 1548 1644 tertia

154 1685 340 1792 migaauit
371 1714 423 1766 ex
458 1687 535 1767 hoc
569 1687 722 1768 seculo.
756 1684 883 1767 Cuius
917 1711 1066 1792 corpus
1101 1683 1207 1766 Albe
1241 1685 1427 1792 quiescit.

152 1962 328 2044 LXVIII.
348 1955 612 2063 Stephanus
626 1957 864 2042 colomani
881 1959 1006 2040 filius
1021 1964 1270 2040 coronatur
1282 1958 1331 2038 iu
1344 1959 1547 2062 regetur)

303 2207 555 2292 Potentiores
588 2209 700 2315 regni
735 2207 992 2316 Stephanum
1010 2206 1223 2288 Colomani
1246 2205 1374 2289 filium
1409 2207 1450 2287 in
1483 2233 1546 2287 re·

151 2357 239 2435 gem
273 2344 587 2413 eoronaueruut.
620 2331 716 2412 Erat
750 2331 857 2411 euim
893 2330 1029 2411 adhuc
1061 2330 1251 2438 inpubes
1274 2328 1348 2410 sed
1380 2329 1546 2436 spiritus

152 2452 237 2534 eius
268 2452 309 2532 in
344 2453 535 2536 manibus
568 2454 668 2535 eius
702 2455 825 2534 Anno
859 2465 997 2533 autem
1031 2477 1141 2533 nono
1174 2451 1288 2557 regni
1321 2451 1384 2532 sui
1421 2452 1546 2532 intra·

151 2574 209 2654 uit
238 2573 501 2678 Dalmatiam,
535 2589 576 2656 et
608 2603 632 2656 a
664 2575 1004 2656 dalmatiensibus
1025 2574 1248 2654 honorifice
1282 2587 1344 2655 est
1375 2601 1546 2679 suscep·

151 2710 225 2778 tus
259 2696 359 2778 Inde
391 2725 582 2780 reuersus
617 2697 750 2780 missis
784 2697 1034 2778 exercitibus
1067 2695 1272 2778 suisfiues
1291 2690 1545 2802 polonicos³)

151 2817 391 2900 deuastauit.
431 2819 590 2901 Placuit
629 2831 768 2900 autem
810 2844 946 2924 regne,
979 2831 1027 2900 ut
1066 2845 1140 2899 rex
1174 2816 1408 2924 Stephanus
1451 2845 1546 2899 cum

151 2939 253 3021 duce
283 2939 562 3023 Bohemorum
607 2941 859 3047 colloquium
903 2940 1084 3022 haberet.
1133 2939 1324 3046 Cumque
1365 2940 1548 3020 uenisset

150 3064 198 3140 ad
233 3061 453 3145 confinium
488 3062 698 3168 Hungarie
724 3090 853 3169 prope
872 3063 998 3168 (109)
1015 3062 1189 3143 fluuium
1211 3061 1380 3161 Orsoua,
1400 3077 1439 3141 et
1459 3061 1546 3142 dux

150 3183 421 3266 bohemorum
456 3184 623 3266 obuiam
656 3185 714 3265 illi
746 3185 941 3283 uenisset,
958 3183 1111 3265 thurius
1143 3197 1281 3264 tamen
1318 3209 1387 3264 eos
1419 3183 1544 3262 inter-

150 3303 317 3386 iacebat.
349 3306 446 3387 Erat
479 3320 618 3388 autem
651 3305 766 3387 Solth
799 3332 964 3413 semper
995 3306 1136 3413 inique
1170 3304 1424 3410 cogitationis
1446 3331 1544 3386 auc·

150 3439 220 3526 tor,
253 3427 323 3534 qui
355 3456 430 3536 per
461 3427 717 3534 iniquitatem
752 3455 869 3508 suam
903 3427 954 3508 de
987 3427 1198 3533 Hungaria
1230 3429 1365 3508 fuerat
1397 3427 1545 3534 expul-

150 3575 229 3650 sus,
261 3549 328 3656 qui
363 3565 463 3632 tune
495 3550 550 3632 ibi
585 3579 680 3630 cum
714 3551 907 3631 Bohemis
947 3577 1117 3657 presens
1159 3562 1256 3631 erat.
1306 3547 1544 3656 Antequam

150 3696 244 3750 uero
261 3699 332 3752 rex
368 3699 462 3752 cum
497 3674 602 3753 duee
636 3671 888 3778 colloquium
913 3672 1094 3774 haberet,
1112 3673 1224 3754 misit
1240 3670 1328 3752 Solt
1344 3672 1542 3753 nuncium

151 3791 198 3870 ad
230 3819 365 3898 regem
399 3794 588 3876 clanculo
622 3794 780 3875 dicens:
822 3794 972 3874 Fidelis
1014 3821 1104 3876 sum
1151 3795 1317 3874 domiuo
1351 3819 1455 3873 meo.
1494 3792 1546 3872 Et

153 3915 255 4018 quod
296 3915 393 3996 noui
437 3916 488 3996 de
532 3915 724 3998 Bohemis
765 3916 842 3998 sibi
882 3915 1059 3997 notifico,
1107 3913 1225 3996 Vnde
1268 3915 1405 3997 statim
1449 3943 1544 3995 cum

152 4035 598 4144 colloquium-habebit
631 4066 727 4119 eum
761 4039 879 4140 duce,
913 4039 998 4117 dux
1031 4064 1127 4119 euru
1162 4037 1307 4144 eripiet.
1331 4035 1437 4130 Quia
1469 4063 1543 4118 au·

153 4155 248 4237 diuit
278 4171 370 4240 tuos
404 4160 568 4241 uenisse
600 4161 688 4241 siue
722 4161 857 4241 armis,
890 4155 945 4238 ht
977 4186 1169 4240 reuersus
1192 4159 1299 4237 idem
1319 4157 1545 4238 (lucidice-

156 4276 236 4359 bat:
267 4278 410 4361 Statim
446 4309 541 4362 cum
585 4281 836 4388 colloquium
880 4280 1073 4362 habueris
1117 4307 1210 4361 curu
1255 4307 1361 4385 rege,
1395 4306 1467 4359 rex
1501 4293 1541 4360 te

156 4401 289 4507 capiet.
332 4401 411 4482 Sed
452 4403 589 4509 potius
630 4429 744 4483 arma
785 4417 889 4502 tuos,
927 4403 1054 4482 etita
1096 4402 1136 4482 in
1182 4402 1322 4483 castris
1360 4402 1543 4482 sedeant.

252 4675 276 4774 ¹)
304 4679 452 4772 galiotas
480 4679 764 4753 Pisanormu..T.
795 4676 823 4778 ²)
851 4679 910 4754 Do
939 4681 1173 4772 Stephano
1201 4701 1303 4772 rege
1332 4677 1545 4751 secundo.

157 4779 364 4857 Potentiores
392 4807 550 4878 proceres
580 4784 788 4875 Stephanum
817 4784 925 4858 filium
950 4783 1122 4858 dolomaui
1144 4783 1178 4855 in
1199 4784 1309 4856 locum
1337 4780 1447 4874 patris
1464 4783 1544 4854 sub·

158 4893 318 4978 rogamnt.
357 4889 441 4962 Erat
475 4893 586 4961 autem
624 4888 732 4959 adhuc
761 4887 914 4981 impubes
969 4888 1010 4960 Α.
1056 4883 1083 4980 ³)
1114 4912 1156 4960 m,
1196 4886 1404 4960 exercitibus
1443 4886 1544 4960 derra·

159 4991 252 5064 stanit
281 4992 464 5086 poloniam.
495 4993 533 5064 ll.
