3898 5752
444 771 588 855 XCIV.
620 768 689 848 De
716 767 987 850 inconcione
1015 791 1148 850 sacro
1176 789 1357 852 corone.

356 1017 443 1100 Nec
475 1017 553 1098 hoc
586 1015 974 1124 pretermittendum
1008 1031 1081 1119 est,
1117 1016 1229 1123 quod
1263 1043 1358 1098 cum
1392 1041 1509 1098 sacra
1541 1041 1610 1097 co·

199 1169 301 1223 rona
334 1169 407 1248 per
439 1139 594 1220 dictum
629 1135 853 1218 Otthonem
887 1137 1037 1218 ducem
1071 1137 1124 1220 ad
1154 1137 1611 1246 Hungoriamportare·

201 1280 277 1366 tur,
313 1276 480 1370 propter
511 1261 700 1340 timorem
735 1259 914 1341 hostium
947 1261 1046 1341 fecit
1076 1260 1190 1340 illam
1215 1259 1371 1342 includi
1390 1285 1465 1367 per
1480 1274 1610 1342 artem

200 1383 466 1466 tornatoriam
501 1383 542 1462 in
574 1379 812 1462 flasconem.
847 1377 952 1462 Cum
986 1395 1126 1464 autem
1161 1381 1365 1489 equitaret
1397 1408 1493 1463 cum
1525 1381 1611 1464 suis

201 1509 280 1590 sub
314 1505 445 1587 noctis
478 1503 647 1584 silencio
680 1502 719 1582 in
754 1516 879 1584 strata
912 1503 1091 1610 publica,
1135 1504 1175 1585 in
1208 1529 1292 1610 qua
1322 1503 1491 1611 plurimi
1523 1503 1611 1588 uia·

201 1647 310 1710 tores
343 1626 583 1726 transibant,
618 1650 717 1704 casn
748 1623 800 1706 de
833 1623 935 1708 sella
967 1625 1159 1730 corrigiis,
1177 1626 1250 1708 ubi
1284 1638 1371 1707 erat
1401 1624 1525 1708 flasco
1542 1624 1611 1707 ille

201 1751 365 1856 ligatus,
399 1748 517 1855 quasi
550 1771 626 1828 uas
658 1746 877 1849 uinarium,
896 1745 1011 1828 nullo
1028 1747 1198 1830 uidente
1226 1747 1375 1830 cecidit
1391 1747 1610 1830 resolutus.

202 1870 470 1954 Postmodum
504 1893 601 1950 vero
634 1866 728 1948 luce
762 1868 1025 1973 clarescente,
1059 1869 1159 1954 dum
1192 1869 1395 1956 uidissent
1413 1895 1502 1976 ¹non
1520 1892 1611 1953 esse

201 1995 444 2076 thezaurum
480 1991 597 2072 illurn
629 1989 876 2096 preciosum,
921 2017 1004 2097 quo
1038 1992 1157 2074 citius
1194 2004 1432 2100 potuerunt,
1465 1992 1611 2075 timore

203 2115 401 2224 percussi,
436 2127 541 2194 retro
575 2110 762 2192 celeriter
793 2127 1075 2200 cucurrerunt.
1109 2112 1243 2210 Quam
1280 2139 1473 2197 coronam
1506 2113 1613 2194 inter

203 2239 357 2320 multos
405 2245 666 2318 transcuntes
698 2233 739 2314 in
773 2248 880 2316 terra
926 2235 1132 2318 iacentem
1174 2236 1217 2318 in
1257 2235 1393 2318 medio
1443 2235 1611 2343 publice

201 2375 328 2444 strate
363 2360 574 2440 inuentam
620 2356 842 2437 anemine
883 2371 1136 2464 repererunt.
1177 2357 1364 2442 Forsitan
1407 2355 1613 2440 ceciderat

202 2481 331 2591 (136)
364 2481 405 2562 in
438 2479 571 2587 prima
602 2476 742 2583 uigilia
774 2479 917 2582 noctis,
951 2481 1402 2563 rciuueutaestautem
1421 2479 1612 2586 sequenti

201 2605 269 2684 die
304 2603 412 2684 circa
443 2616 609 2706 ternpus
641 2626 724 2680 non
758 2600 933 2682 dubium
971 2602 1270 2713 uespertinum.
1319 2601 1469 2684 Mirum
1503 2613 1613 2683 certe

203 2741 244 2807 et
277 2722 523 2806 miraculum
567 2746 649 2801 non
691 2721 934 2804 tacendum!
982 2721 1089 2819 Quid
1130 2725 1242 2806 enim
1283 2750 1357 2832 per
1389 2725 1467 2806 hoc
1501 2723 1612 2830 quod

202 2847 274 2928 illa
306 2871 458 2926 corona
489 2842 637 2924 cecidit
669 2843 862 2950 intellige,
894 2844 970 2928 nisi
1005 2847 1102 2953 quia
1133 2847 1219 2928 dux
1238 2846 1307 2928 ille
1331 2873 1465 2953 usque
1485 2847 1613 2926 uitam

202 2996 324 3052 suam
359 2981 520 3076 portare
552 2990 636 3044 non
669 2966 803 3072 potnit
836 2967 942 3048 hanc
975 2994 1181 3072 coronam,
1214 2968 1288 3052 sed
1320 2967 1525 3050 amisitde
1544 2992 1611 3048 oa·

202 3086 1614 3199 pmcmmmmfflnmmnmmmfflnQffleQOa

204 3213 321 3295 nullo
354 3213 535 3311 inuenta,
576 3208 649 3292 sed
691 3210 743 3291 ab
790 3211 887 3316 ipsis
921 3211 992 3318 qui
1026 3213 1273 3320 portabant?
1304 3213 1381 3294 nisi
1416 3211 1525 3320 quod
1560 3237 1612 3290 ne

205 3334 417 3416 Pannonia
449 3332 543 3412 data
568 3331 646 3412 sibi
680 3356 831 3411 corona
863 3333 915 3414 ab
949 3335 1095 3439 angelo
1130 3334 1372 3442 priuaretur.
1395 3333 1486 3428 Quo
1504 3333 1612 3412 facto

205 3451 1613 3560 nwfflmmmfflssmmmffimffimmmumm

204 3595 288 3659 tate
323 3576 427 3682 regis
463 3573 678 3655 Venoczlai
727 3601 834 3655 auno
884 3577 968 3658 lere
1016 3579 1142 3658 tercio
1189 3577 1398 3676 liberatur,
1443 3591 1613 3656 etcum

206 3701 387 3782 Iohanne
420 3697 503 3776 filio
537 3695 677 3776 Ohaak
711 3713 889 3778 castrum
925 3699 1112 3781 budense
1146 3727 1220 3807 per
1253 3713 1412 3808 portam
1442 3724 1524 3804 que
1552 3710 1614 3778 est

205 3823 322 3902 iuxta
354 3845 605 3927 synogogam
638 3818 854 3900 iudeorum
887 3821 988 3901 feria
1020 3823 1164 3930 quinta
1196 3836 1290 3929 post
1320 3823 1473 3902 festum
1494 3821 1613 3902 beate

204 3942 434 4022 Petronelle
469 3939 634 4045 virginis
666 3941 797 4022 noctis
831 3943 870 4022 in
904 3943 1074 4026 silencio
1107 3944 1367 4045 subintrauit,
1416 3956 1458 4022 et
1490 3966 1613 4048 quos·

205 4064 299 4144 darn
334 4065 447 4146 ciues
480 4063 690 4144 budenses
723 4089 819 4144 suos
852 4064 1109 4148 aduersarios
1142 4079 1184 4146 et
1215 4065 1443 4173 proditores
1461 4061 1613 4145 inuasit

204 4187 355 4285 subito
375 4199 416 4265 et
448 4185 664 4264 destruxit.
699 4183 971 4268 Peturmanus
1004 4201 1144 4270 autem
1179 4187 1306 4269 iudex
1340 4185 1517 4269 ciuitatis
1536 4211 1613 4265 nu·

205 4304 1613 4417 dmffifflmnmmmmDmsfflmexmmmfflmssffli

205 4447 270 4510 oct
302 4428 639 4510 llartnnlrerman
655 4423 682 4534 ¹)
718 4445 758 4508 et
791 4431 1031 4536 magistrum
1066 4429 1300 4532 Martinum,
1326 4430 1479 4514 iuratos
1498 4427 1612 4510 ciues

205 4548 1610 4662 dewmmmstnmmummfflnmmmmmpmmffln

204 4673 343 4754 uitatis
376 4671 596 4753 crudeliter
637 4672 739 4752 tralri
780 4674 889 4775 fecit,
933 4689 974 4754 et
1007 4702 1149 4756 eorum
1184 4700 1276 4754 ossa
1316 4673 1480 4780 ignibus
1513 4697 1611 4751 con-

314 4925 338 5028 ¹)
369 4933 518 5004 Marcum
548 4933 735 5006 Hermann.
766 4934 805 5006 Τ.
