<?xml version="1.0" encoding="UTF-8"?>
<!DOCTYPE html PUBLIC "-//W3C//DTD XHTML 1.0 Transitional//EN"
    "http://www.w3.org/TR/xhtml1/DTD/xhtml1-transitional.dtd">
<html xmlns="http://www.w3.org/1999/xhtml" xml:lang="en" lang="en">
 <head>
  <title>
</title>
<meta http-equiv="Content-Type" content="text/html;charset=utf-8" />
  <meta name='ocr-system' content='tesseract 3.04.00' />
  <meta name='ocr-capabilities' content='ocr_page ocr_carea ocr_par ocr_line ocrx_word'/>
</head>
<body>
  <div class='ocr_page' id='page_1' title='image "./chronicahungaro00florgoog_0096.png"; bbox 0 0 3900 5762; ppageno 0'>
   <div class='ocr_carea' id='block_1_1' title="bbox 849 441 977 540">
    <p class='ocr_par' dir='ltr' id='par_1_1' title="bbox 849 441 977 540">
     <span class='ocr_line' id='line_1_1' title="bbox 849 441 977 540; baseline -0.031 0"><span class='ocrx_word' id='word_1_1' title='bbox 849 441 977 540; x_wconf 63' lang='grc'><strong>,75</strong></span> 
     </span>
    </p>
   </div>
   <div class='ocr_carea' id='block_1_2' title="bbox 219 650 1629 4650">
    <p class='ocr_par' dir='ltr' id='par_1_2' title="bbox 219 650 1629 2716">
     <span class='ocr_line' id='line_1_2' title="bbox 219 650 1628 761; baseline -0.004 -26"><span class='ocrx_word' id='word_1_2' title='bbox 219 656 386 760; x_wconf 79' lang='lat' dir='ltr'>fugiant</span> <span class='ocrx_word' id='word_1_3' title='bbox 418 654 460 734; x_wconf 94' lang='lat' dir='ltr'><strong>in</strong></span> <span class='ocrx_word' id='word_1_4' title='bbox 493 653 758 758; x_wconf 88' lang='lat' dir='ltr'><strong>Huugariam.</strong></span> <span class='ocrx_word' id='word_1_5' title='bbox 793 656 872 748; x_wconf 78' lang='lat' dir='ltr'><strong>Qui</strong></span> <span class='ocrx_word' id='word_1_6' title='bbox 905 655 1073 761; x_wconf 88' lang='lat' dir='ltr'><strong>quidem</strong></span> <span class='ocrx_word' id='word_1_7' title='bbox 1118 655 1159 734; x_wconf 93' lang='lat' dir='ltr'><strong>iu</strong></span> <span class='ocrx_word' id='word_1_8' title='bbox 1200 654 1375 734; x_wconf 86' lang='lat' dir='ltr'><strong>transitu</strong></span> <span class='ocrx_word' id='word_1_9' title='bbox 1405 650 1628 758; x_wconf 87' lang='lat' dir='ltr'><strong>Ratispone</strong></span> 
     </span>
     <span class='ocr_line' id='line_1_3' title="bbox 221 773 1628 884; baseline -0.004 -27"><span class='ocrx_word' id='word_1_10' title='bbox 221 777 423 884; x_wconf 75' lang='lat' dir='ltr'><strong>captiuati</strong></span> <span class='ocrx_word' id='word_1_11' title='bbox 457 775 594 856; x_wconf 80' lang='lat' dir='ltr'><strong>Cesar-i</strong></span> <span class='ocrx_word' id='word_1_12' title='bbox 627 777 971 859; x_wconf 86' lang='lat' dir='ltr'><strong>transmittuntur.</strong></span> <span class='ocrx_word' id='word_1_13' title='bbox 990 776 1102 873; x_wconf 82' lang='lat' dir='ltr'><strong>Quos</strong></span> <span class='ocrx_word' id='word_1_14' title='bbox 1121 777 1245 858; x_wconf 82' lang='lat' dir='ltr'>Cesar</span> <span class='ocrx_word' id='word_1_15' title='bbox 1269 773 1420 856; x_wconf 88' lang='lat' dir='ltr'><strong>iudicio</strong></span> <span class='ocrx_word' id='word_1_16' title='bbox 1453 799 1628 880; x_wconf 88' lang='lat' dir='ltr'><strong>suspen-</strong></span> 
     </span>
     <span class='ocr_line' id='line_1_4' title="bbox 221 893 1628 1006; baseline -0.002 -27"><span class='ocrx_word' id='word_1_17' title='bbox 221 899 280 979; x_wconf 90' lang='lat' dir='ltr'><strong>dii</strong></span> <span class='ocrx_word' id='word_1_18' title='bbox 315 898 630 979; x_wconf 84' lang='lat' dir='ltr'><strong>condemnando</strong></span> <span class='ocrx_word' id='word_1_19' title='bbox 663 898 884 1006; x_wconf 88' lang='lat' dir='ltr'><strong>Ratispone</strong></span> <span class='ocrx_word' id='word_1_20' title='bbox 917 900 1015 980; x_wconf 85' lang='lat' dir='ltr'><strong>fecit</strong></span> <span class='ocrx_word' id='word_1_21' title='bbox 1047 898 1178 979; x_wconf 87' lang='lat' dir='ltr'><strong>occidi</strong></span> <span class='ocrx_word' id='word_1_22' title='bbox 1209 896 1252 978; x_wconf 89' lang='lat' dir='ltr'><strong>in</strong></span> <span class='ocrx_word' id='word_1_23' title='bbox 1285 896 1483 1004; x_wconf 80' lang='lat' dir='ltr'><strong>patibulo,</strong></span> <span class='ocrx_word' id='word_1_24' title='bbox 1528 893 1628 991; x_wconf 81' lang='lat' dir='ltr'><strong>Qui-</strong></span> 
     </span>
     <span class='ocr_line' id='line_1_5' title="bbox 222 1018 1628 1130; baseline -0.002 -29"><span class='ocrx_word' id='word_1_25' title='bbox 222 1023 322 1102; x_wconf 87' lang='lat' dir='ltr'><strong>dam</strong></span> <span class='ocrx_word' id='word_1_26' title='bbox 356 1046 452 1102; x_wconf 81' lang='lat' dir='ltr'><strong>vero</strong></span> <span class='ocrx_word' id='word_1_27' title='bbox 487 1021 596 1128; x_wconf 88' lang='lat' dir='ltr'><strong>ipsos</strong></span> <span class='ocrx_word' id='word_1_28' title='bbox 629 1020 746 1101; x_wconf 85' lang='lat' dir='ltr'><strong>aliter</strong></span> <span class='ocrx_word' id='word_1_29' title='bbox 777 1022 1023 1130; x_wconf 86' lang='lat' dir='ltr'><strong>dampnatos</strong></span> <span class='ocrx_word' id='word_1_30' title='bbox 1040 1021 1228 1102; x_wconf 88' lang='lat' dir='ltr'><strong>fabulose</strong></span> <span class='ocrx_word' id='word_1_31' title='bbox 1246 1030 1497 1121; x_wconf 85' lang='lat' dir='ltr'><strong>asseueraut,</strong></span> <span class='ocrx_word' id='word_1_32' title='bbox 1517 1018 1628 1124; x_wconf 90' lang='lat' dir='ltr'><strong>quod</strong></span> 
     </span>
     <span class='ocr_line' id='line_1_6' title="bbox 223 1140 1628 1250; baseline -0.003 -26"><span class='ocrx_word' id='word_1_33' title='bbox 223 1143 368 1225; x_wconf 86' lang='lat' dir='ltr'><strong>Cesari</strong></span> <span class='ocrx_word' id='word_1_34' title='bbox 399 1143 624 1250; x_wconf 84' lang='lat' dir='ltr'><strong>presentati</strong></span> <span class='ocrx_word' id='word_1_35' title='bbox 655 1171 764 1224; x_wconf 90' lang='lat' dir='ltr'><strong>unus</strong></span> <span class='ocrx_word' id='word_1_36' title='bbox 799 1145 959 1226; x_wconf 89' lang='lat' dir='ltr'><strong>illorum</strong></span> <span class='ocrx_word' id='word_1_37' title='bbox 994 1172 1089 1224; x_wconf 88' lang='lat' dir='ltr'><strong>cum</strong></span> <span class='ocrx_word' id='word_1_38' title='bbox 1122 1143 1224 1224; x_wconf 87' lang='lat' dir='ltr'><strong>tuba</strong></span> <span class='ocrx_word' id='word_1_39' title='bbox 1255 1141 1298 1222; x_wconf 90' lang='lat' dir='ltr'><strong>in</strong></span> <span class='ocrx_word' id='word_1_40' title='bbox 1331 1151 1457 1249; x_wconf 86' lang='lat' dir='ltr'><strong>caput.</strong></span> <span class='ocrx_word' id='word_1_41' title='bbox 1489 1140 1628 1246; x_wconf 87' lang='lat' dir='ltr'><strong>ipsum</strong></span> 
     </span>
     <span class='ocr_line' id='line_1_7' title="bbox 223 1261 1629 1362; baseline -0.003 -16"><span class='ocrx_word' id='word_1_42' title='bbox 223 1265 420 1348; x_wconf 86' lang='lat' dir='ltr'><strong>Cesarem</strong></span> <span class='ocrx_word' id='word_1_43' title='bbox 455 1265 672 1346; x_wconf 87' lang='lat' dir='ltr'><strong>occidisset</strong></span> <span class='ocrx_word' id='word_1_44' title='bbox 718 1266 913 1347; x_wconf 74' lang='lat' dir='ltr'><strong>feriendo.</strong></span> <span class='ocrx_word' id='word_1_45' title='bbox 964 1266 1053 1362; x_wconf 84' lang='lat' dir='ltr'><strong>Quo</strong></span> <span class='ocrx_word' id='word_1_46' title='bbox 1095 1292 1194 1347; x_wconf 87' lang='lat' dir='ltr'><strong>sane</strong></span> <span class='ocrx_word' id='word_1_47' title='bbox 1234 1264 1374 1345; x_wconf 80' lang='lat' dir='ltr'><strong>tabula</strong></span> <span class='ocrx_word' id='word_1_48' title='bbox 1405 1261 1629 1345; x_wconf 83' lang='lat' dir='ltr'><strong>verosimili</strong></span> 
     </span>
     <span class='ocr_line' id='line_1_8' title="bbox 223 1386 1628 1487; baseline -0.001 -19"><span class='ocrx_word' id='word_1_49' title='bbox 223 1389 480 1487; x_wconf 86' lang='lat' dir='ltr'><strong>aduersatur,</strong></span> <span class='ocrx_word' id='word_1_50' title='bbox 514 1399 555 1468; x_wconf 88' lang='lat' dir='ltr'><strong>et</strong></span> <span class='ocrx_word' id='word_1_51' title='bbox 587 1387 758 1469; x_wconf 90' lang='lat' dir='ltr'><strong>credens</strong></span> <span class='ocrx_word' id='word_1_52' title='bbox 792 1388 1028 1470; x_wconf 89' lang='lat' dir='ltr'><strong>huiusmodi</strong></span> <span class='ocrx_word' id='word_1_53' title='bbox 1061 1388 1228 1468; x_wconf 89' lang='lat' dir='ltr'><strong>leuitate</strong></span> <span class='ocrx_word' id='word_1_54' title='bbox 1265 1386 1414 1468; x_wconf 90' lang='lat' dir='ltr'><strong>mentis</strong></span> <span class='ocrx_word' id='word_1_55' title='bbox 1457 1387 1628 1466; x_wconf 82' lang='lat' dir='ltr'><strong>denota·</strong></span> 
     </span>
     <span class='ocr_line' id='line_1_9' title="bbox 224 1507 1629 1617; baseline -0.004 -26"><span class='ocrx_word' id='word_1_56' title='bbox 224 1523 303 1591; x_wconf 87' lang='lat' dir='ltr'><strong>tur.</strong></span> <span class='ocrx_word' id='word_1_57' title='bbox 354 1509 458 1590; x_wconf 78' lang='lat' dir='ltr'><strong>Nam</strong></span> <span class='ocrx_word' id='word_1_58' title='bbox 507 1535 682 1617; x_wconf 83' lang='lat' dir='ltr'>persone</span> <span class='ocrx_word' id='word_1_59' title='bbox 727 1508 943 1592; x_wconf 78' lang='lat' dir='ltr'><strong>criminose</strong></span> <span class='ocrx_word' id='word_1_60' title='bbox 987 1511 1119 1616; x_wconf 88' lang='lat' dir='ltr'><strong>ligatis</strong></span> <span class='ocrx_word' id='word_1_61' title='bbox 1162 1509 1353 1591; x_wconf 78' lang='lat' dir='ltr'><strong>inanibus</strong></span> <span class='ocrx_word' id='word_1_62' title='bbox 1387 1507 1629 1614; x_wconf 89' lang='lat' dir='ltr'><strong>conspectui</strong></span> 
     </span>
     <span class='ocr_line' id='line_1_10' title="bbox 224 1629 1628 1740; baseline -0.002 -28"><span class='ocrx_word' id='word_1_63' title='bbox 224 1632 461 1740; x_wconf 84' lang='lat' dir='ltr'><strong>principum</strong></span> <span class='ocrx_word' id='word_1_64' title='bbox 496 1645 797 1738; x_wconf 78' lang='lat' dir='ltr'><strong>presentantur.</strong></span> <span class='ocrx_word' id='word_1_65' title='bbox 817 1633 970 1714; x_wconf 90' lang='lat' dir='ltr'><strong>Verum</strong></span> <span class='ocrx_word' id='word_1_66' title='bbox 1005 1632 1173 1740; x_wconf 89' lang='lat' dir='ltr'><strong>quidem</strong></span> <span class='ocrx_word' id='word_1_67' title='bbox 1208 1644 1280 1732; x_wconf 87' lang='lat' dir='ltr'><strong>est,</strong></span> <span class='ocrx_word' id='word_1_68' title='bbox 1301 1643 1341 1712; x_wconf 90' lang='lat' dir='ltr'><strong>et</strong></span> <span class='ocrx_word' id='word_1_69' title='bbox 1372 1630 1464 1712; x_wconf 91' lang='lat' dir='ltr'><strong>libri</strong></span> <span class='ocrx_word' id='word_1_70' title='bbox 1498 1629 1628 1710; x_wconf 88' lang='lat' dir='ltr'><strong>conti·</strong></span> 
     </span>
     <span class='ocr_line' id='line_1_11' title="bbox 223 1746 1627 1864; baseline -0.003 -28"><span class='ocrx_word' id='word_1_71' title='bbox 223 1768 327 1836; x_wconf 88' lang='lat' dir='ltr'><strong>nent</strong></span> <span class='ocrx_word' id='word_1_72' title='bbox 338 1750 368 1862; x_wconf 85' lang='lat'><strong>¹)</strong></span> <span class='ocrx_word' id='word_1_73' title='bbox 388 1752 667 1857; x_wconf 86' lang='lat' dir='ltr'><strong>Cronicarum‚</strong></span> <span class='ocrx_word' id='word_1_74' title='bbox 688 1771 733 1835; x_wconf 89' lang='lat' dir='ltr'><strong>nt</strong></span> <span class='ocrx_word' id='word_1_75' title='bbox 748 1756 1024 1864; x_wconf 87' lang='lat' dir='ltr'><strong>blasphemati</strong></span> <span class='ocrx_word' id='word_1_76' title='bbox 1042 1755 1238 1836; x_wconf 85' lang='lat' dir='ltr'><strong>audacter</strong></span> <span class='ocrx_word' id='word_1_77' title='bbox 1250 1752 1388 1835; x_wconf 86' lang='lat' dir='ltr'><strong>Cesari</strong></span> <span class='ocrx_word' id='word_1_78' title='bbox 1405 1746 1627 1856; x_wconf 82' lang='lat' dir='ltr'><strong>muriose²)</strong></span> 
     </span>
     <span class='ocr_line' id='line_1_12' title="bbox 223 1874 1629 1984; baseline -0.002 -26"><span class='ocrx_word' id='word_1_79' title='bbox 223 1890 323 1958; x_wconf 87' lang='lat' dir='ltr'><strong>suut</strong></span> <span class='ocrx_word' id='word_1_80' title='bbox 371 1877 510 1976; x_wconf 85' lang='lat' dir='ltr'><strong>locuti,</strong></span> <span class='ocrx_word' id='word_1_81' title='bbox 543 1891 784 1979; x_wconf 84' lang='lat' dir='ltr'><strong>asserentes,</strong></span> <span class='ocrx_word' id='word_1_82' title='bbox 818 1879 927 1984; x_wconf 88' lang='lat' dir='ltr'><strong>quod</strong></span> <span class='ocrx_word' id='word_1_83' title='bbox 977 1879 1010 1960; x_wconf 90' lang='lat' dir='ltr'><strong>si</strong></span> <span class='ocrx_word' id='word_1_84' title='bbox 1058 1877 1169 1984; x_wconf 89' lang='lat' dir='ltr'><strong>ipsos</strong></span> <span class='ocrx_word' id='word_1_85' title='bbox 1218 1875 1346 1956; x_wconf 87' lang='lat' dir='ltr'><strong>occidi</strong></span> <span class='ocrx_word' id='word_1_86' title='bbox 1388 1874 1542 1975; x_wconf 87' lang='lat' dir='ltr'><strong>fecerit,</strong></span> <span class='ocrx_word' id='word_1_87' title='bbox 1577 1875 1629 1955; x_wconf 85' lang='lat' dir='ltr'><strong>de</strong></span> 
     </span>
     <span class='ocr_line' id='line_1_13' title="bbox 225 1997 1628 2106; baseline -0.001 -27"><span class='ocrx_word' id='word_1_88' title='bbox 225 2011 349 2104; x_wconf 89' lang='lat' dir='ltr'><strong>geute</strong></span> <span class='ocrx_word' id='word_1_89' title='bbox 383 1999 541 2079; x_wconf 86' lang='lat' dir='ltr'><strong>suade</strong></span> <span class='ocrx_word' id='word_1_90' title='bbox 576 2012 711 2080; x_wconf 88' lang='lat' dir='ltr'><strong>cetero</strong></span> <span class='ocrx_word' id='word_1_91' title='bbox 744 2001 883 2083; x_wconf 89' lang='lat' dir='ltr'><strong>nullus</strong></span> <span class='ocrx_word' id='word_1_92' title='bbox 918 2016 1062 2106; x_wconf 89' lang='lat' dir='ltr'><strong>captus</strong></span> <span class='ocrx_word' id='word_1_93' title='bbox 1095 2000 1236 2079; x_wconf 86' lang='lat' dir='ltr'><strong>viuere</strong></span> <span class='ocrx_word' id='word_1_94' title='bbox 1269 1997 1429 2105; x_wconf 83' lang='lat' dir='ltr'><strong>poterit,</strong></span> <span class='ocrx_word' id='word_1_95' title='bbox 1456 1997 1529 2079; x_wconf 88' lang='lat' dir='ltr'><strong>sed</strong></span> <span class='ocrx_word' id='word_1_96' title='bbox 1562 1997 1628 2077; x_wconf 92' lang='lat' dir='ltr'><strong>vel</strong></span> 
     </span>
     <span class='ocr_line' id='line_1_14' title="bbox 228 2119 1628 2228; baseline -0.001 -27"><span class='ocrx_word' id='word_1_97' title='bbox 228 2123 268 2202; x_wconf 93' lang='lat' dir='ltr'><strong>iu</strong></span> <span class='ocrx_word' id='word_1_98' title='bbox 305 2133 548 2228; x_wconf 86' lang='lat' dir='ltr'><strong>prepetuaur</strong></span> <span class='ocrx_word' id='word_1_99' title='bbox 582 2122 764 2204; x_wconf 87' lang='lat' dir='ltr'><strong>tradetur</strong></span> <span class='ocrx_word' id='word_1_100' title='bbox 796 2123 1050 2224; x_wconf 87' lang='lat' dir='ltr'><strong>seruitutem,</strong></span> <span class='ocrx_word' id='word_1_101' title='bbox 1068 2134 1140 2203; x_wconf 88' lang='lat' dir='ltr'><strong>aut</strong></span> <span class='ocrx_word' id='word_1_102' title='bbox 1171 2121 1285 2202; x_wconf 91' lang='lat' dir='ltr'><strong>nullo</strong></span> <span class='ocrx_word' id='word_1_103' title='bbox 1314 2119 1463 2201; x_wconf 90' lang='lat' dir='ltr'><strong>iudicio</strong></span> <span class='ocrx_word' id='word_1_104' title='bbox 1485 2145 1628 2227; x_wconf 89' lang='lat' dir='ltr'><strong>prece·</strong></span> 
     </span>
     <span class='ocr_line' id='line_1_15' title="bbox 227 2241 1629 2347; baseline 0 -25"><span class='ocrx_word' id='word_1_105' title='bbox 227 2244 350 2324; x_wconf 89' lang='lat' dir='ltr'><strong>dente</strong></span> <span class='ocrx_word' id='word_1_106' title='bbox 400 2243 620 2325; x_wconf 89' lang='lat' dir='ltr'><strong>occidetur.</strong></span> <span class='ocrx_word' id='word_1_107' title='bbox 670 2244 789 2340; x_wconf 83' lang='lat' dir='ltr'><strong>Quod</strong></span> <span class='ocrx_word' id='word_1_108' title='bbox 833 2246 1061 2325; x_wconf 73' lang='lat' dir='ltr'><strong>etinctum</strong></span> <span class='ocrx_word' id='word_1_109' title='bbox 1095 2256 1168 2326; x_wconf 87' lang='lat' dir='ltr'><strong>est.</strong></span> <span class='ocrx_word' id='word_1_110' title='bbox 1217 2242 1323 2338; x_wconf 79' lang='lat' dir='ltr'><strong>Quia</strong></span> <span class='ocrx_word' id='word_1_111' title='bbox 1366 2254 1412 2323; x_wconf 89' lang='lat' dir='ltr'><strong>ut</strong></span> <span class='ocrx_word' id='word_1_112' title='bbox 1442 2241 1629 2347; x_wconf 88' lang='lat' dir='ltr'><strong>Hungari</strong></span> 
     </span>
     <span class='ocr_line' id='line_1_16' title="bbox 228 2365 1627 2473; baseline -0.001 -27"><span class='ocrx_word' id='word_1_113' title='bbox 228 2365 448 2448; x_wconf 90' lang='lat' dir='ltr'><strong>audierunt</strong></span> <span class='ocrx_word' id='word_1_114' title='bbox 480 2378 526 2446; x_wconf 85' lang='lat' dir='ltr'><strong>ut</strong></span> <span class='ocrx_word' id='word_1_115' title='bbox 557 2365 682 2448; x_wconf 87' lang='lat' dir='ltr'><strong>Cesar</strong></span> <span class='ocrx_word' id='word_1_116' title='bbox 729 2367 786 2448; x_wconf 88' lang='lat' dir='ltr'><strong>sio</strong></span> <span class='ocrx_word' id='word_1_117' title='bbox 834 2367 944 2473; x_wconf 87' lang='lat' dir='ltr'><strong>ipsos</strong></span> <span class='ocrx_word' id='word_1_118' title='bbox 988 2365 1215 2470; x_wconf 76' lang='lat' dir='ltr'><strong>occidisset,</strong></span> <span class='ocrx_word' id='word_1_119' title='bbox 1253 2391 1397 2447; x_wconf 91' lang='lat' dir='ltr'><strong>omues</strong></span> <span class='ocrx_word' id='word_1_120' title='bbox 1441 2365 1627 2471; x_wconf 87' lang='lat' dir='ltr'><strong>captiuos</strong></span> 
     </span>
     <span class='ocr_line' id='line_1_17' title="bbox 227 2486 1628 2595; baseline 0 -27"><span class='ocrx_word' id='word_1_121' title='bbox 227 2487 459 2569; x_wconf 88' lang='lat' dir='ltr'><strong>teutonicos</strong></span> <span class='ocrx_word' id='word_1_122' title='bbox 491 2502 574 2569; x_wconf 86' lang='lat' dir='ltr'><strong>tam</strong></span> <span class='ocrx_word' id='word_1_123' title='bbox 608 2489 803 2570; x_wconf 90' lang='lat' dir='ltr'><strong>mulieres</strong></span> <span class='ocrx_word' id='word_1_124' title='bbox 837 2515 961 2595; x_wconf 87' lang='lat' dir='ltr'><strong>quam</strong></span> <span class='ocrx_word' id='word_1_125' title='bbox 981 2487 1176 2595; x_wconf 85' lang='lat' dir='ltr'><strong>paruulos</strong></span> <span class='ocrx_word' id='word_1_126' title='bbox 1199 2513 1332 2595; x_wconf 89' lang='lat' dir='ltr'><strong>usque</strong></span> <span class='ocrx_word' id='word_1_127' title='bbox 1350 2488 1401 2568; x_wconf 92' lang='lat' dir='ltr'><strong>ad</strong></span> <span class='ocrx_word' id='word_1_128' title='bbox 1419 2487 1499 2568; x_wconf 90' lang='lat' dir='ltr'><strong>XX</strong></span> <span class='ocrx_word' id='word_1_129' title='bbox 1515 2486 1628 2594; x_wconf 79' lang='lat' dir='ltr'><strong>milia</strong></span> 
     </span>
     <span class='ocr_line' id='line_1_18' title="bbox 228 2610 474 2716; baseline 0.008 -26"><span class='ocrx_word' id='word_1_130' title='bbox 228 2610 474 2716; x_wconf 77' lang='lat' dir='ltr'><strong>iugulorum.</strong></span> 
     </span>
    </p>

    <p class='ocr_par' dir='ltr' id='par_1_3' title="bbox 224 2732 1628 4650">
     <span class='ocr_line' id='line_1_19' title="bbox 386 2732 1628 2839; baseline 0 -27"><span class='ocrx_word' id='word_1_131' title='bbox 386 2733 455 2813; x_wconf 80' lang='lat'><strong>22.</strong></span> <span class='ocrx_word' id='word_1_132' title='bbox 488 2734 607 2814; x_wconf 84' lang='lat' dir='ltr'><strong>Alius</strong></span> <span class='ocrx_word' id='word_1_133' title='bbox 638 2759 736 2814; x_wconf 89' lang='lat' dir='ltr'><strong>vero</strong></span> <span class='ocrx_word' id='word_1_134' title='bbox 770 2733 976 2814; x_wconf 83' lang='lat' dir='ltr'><strong>exereitus</strong></span> <span class='ocrx_word' id='word_1_135' title='bbox 1019 2733 1091 2839; x_wconf 87' lang='lat' dir='ltr'><strong>qui</strong></span> <span class='ocrx_word' id='word_1_136' title='bbox 1127 2732 1305 2814; x_wconf 86' lang='lat' dir='ltr'><strong>distabat</strong></span> <span class='ocrx_word' id='word_1_137' title='bbox 1352 2733 1404 2813; x_wconf 88' lang='lat' dir='ltr'><strong>ab</strong></span> <span class='ocrx_word' id='word_1_138' title='bbox 1436 2733 1628 2837; x_wconf 87' lang='lat' dir='ltr'><strong>Augusta</strong></span> 
     </span>
     <span class='ocr_line' id='line_1_20' title="bbox 230 2853 1625 2963; baseline 0 -29"><span class='ocrx_word' id='word_1_139' title='bbox 230 2854 433 2962; x_wconf 91' lang='lat' dir='ltr'><strong>impetum</strong></span> <span class='ocrx_word' id='word_1_140' title='bbox 467 2853 626 2936; x_wconf 81' lang='lat' dir='ltr'><strong>Cesaris</strong></span> <span class='ocrx_word' id='word_1_141' title='bbox 658 2867 705 2938; x_wconf 89' lang='lat' dir='ltr'><strong>ut</strong></span> <span class='ocrx_word' id='word_1_142' title='bbox 736 2856 939 2963; x_wconf 86' lang='lat' dir='ltr'><strong>persensit</strong></span> <span class='ocrx_word' id='word_1_143' title='bbox 971 2883 1096 2963; x_wconf 91' lang='lat' dir='ltr'><strong>super</strong></span> <span class='ocrx_word' id='word_1_144' title='bbox 1132 2854 1277 2956; x_wconf 85' lang='lat' dir='ltr'><strong>socios,</strong></span> <span class='ocrx_word' id='word_1_145' title='bbox 1309 2854 1352 2933; x_wconf 91' lang='lat' dir='ltr'><strong>in</strong></span> <span class='ocrx_word' id='word_1_146' title='bbox 1388 2881 1515 2936; x_wconf 87' lang='lat' dir='ltr'><strong>unam</strong></span> <span class='ocrx_word' id='word_1_147' title='bbox 1557 2854 1625 2936; x_wconf 92' lang='lat' dir='ltr'><strong>sil-</strong></span> 
     </span>
     <span class='ocr_line' id='line_1_21' title="bbox 227 2977 1626 3084; baseline 0.001 -28"><span class='ocrx_word' id='word_1_148' title='bbox 227 3004 322 3057; x_wconf 88' lang='lat' dir='ltr'><strong>uam</strong></span> <span class='ocrx_word' id='word_1_149' title='bbox 358 3004 402 3059; x_wconf 90' lang='lat' dir='ltr'><strong>se</strong></span> <span class='ocrx_word' id='word_1_150' title='bbox 437 2977 611 3082; x_wconf 80' lang='lat' dir='ltr'><strong>collegit,</strong></span> <span class='ocrx_word' id='word_1_151' title='bbox 630 2991 671 3058; x_wconf 89' lang='lat' dir='ltr'><strong>et</strong></span> <span class='ocrx_word' id='word_1_152' title='bbox 702 2991 748 3058; x_wconf 90' lang='lat' dir='ltr'><strong>ut</strong></span> <span class='ocrx_word' id='word_1_153' title='bbox 781 2977 868 3059; x_wconf 90' lang='lat' dir='ltr'><strong>eius</strong></span> <span class='ocrx_word' id='word_1_154' title='bbox 901 2978 1129 3058; x_wconf 78' lang='lat' dir='ltr'><strong>exereitum</strong></span> <span class='ocrx_word' id='word_1_155' title='bbox 1164 2977 1397 3084; x_wconf 88' lang='lat' dir='ltr'><strong>dispersum</strong></span> <span class='ocrx_word' id='word_1_156' title='bbox 1428 3003 1626 3082; x_wconf 85' lang='lat' dir='ltr'><strong>recogno·</strong></span> 
     </span>
     <span class='ocr_line' id='line_1_22' title="bbox 226 3099 1627 3206; baseline 0 -27"><span class='ocrx_word' id='word_1_157' title='bbox 226 3100 296 3200; x_wconf 86' lang='lat' dir='ltr'><strong>uit,</strong></span> <span class='ocrx_word' id='word_1_158' title='bbox 330 3115 574 3206; x_wconf 89' lang='lat' dir='ltr'><strong>persecutus</strong></span> <span class='ocrx_word' id='word_1_159' title='bbox 608 3113 669 3181; x_wconf 87' lang='lat' dir='ltr'><strong>est</strong></span> <span class='ocrx_word' id='word_1_160' title='bbox 701 3100 898 3182; x_wconf 87' lang='lat' dir='ltr'><strong>maiorem</strong></span> <span class='ocrx_word' id='word_1_161' title='bbox 917 3100 1048 3181; x_wconf 87' lang='lat' dir='ltr'><strong>aciem</strong></span> <span class='ocrx_word' id='word_1_162' title='bbox 1067 3099 1198 3205; x_wconf 88' lang='lat' dir='ltr'><strong>gentis</strong></span> <span class='ocrx_word' id='word_1_163' title='bbox 1220 3127 1306 3202; x_wconf 85' lang='lat' dir='ltr'><strong>sue,</strong></span> <span class='ocrx_word' id='word_1_164' title='bbox 1326 3126 1407 3206; x_wconf 90' lang='lat' dir='ltr'><strong>que</strong></span> <span class='ocrx_word' id='word_1_165' title='bbox 1428 3099 1627 3180; x_wconf 90' lang='lat' dir='ltr'><strong>tendebat</strong></span> 
     </span>
     <span class='ocr_line' id='line_1_23' title="bbox 225 3220 1625 3330; baseline 0.001 -30"><span class='ocrx_word' id='word_1_166' title='bbox 225 3249 370 3303; x_wconf 79' lang='lat' dir='ltr'><strong>versus</strong></span> <span class='ocrx_word' id='word_1_167' title='bbox 402 3221 577 3302; x_wconf 86' lang='lat' dir='ltr'><strong>Renum.</strong></span> <span class='ocrx_word' id='word_1_168' title='bbox 606 3221 739 3317; x_wconf 77' lang='lat' dir='ltr'><strong>Quam</strong></span> <span class='ocrx_word' id='word_1_169' title='bbox 773 3222 815 3303; x_wconf 92' lang='lat' dir='ltr'><strong>in</strong></span> <span class='ocrx_word' id='word_1_170' title='bbox 847 3248 995 3330; x_wconf 90' lang='lat' dir='ltr'><strong>campo</strong></span> <span class='ocrx_word' id='word_1_171' title='bbox 1029 3222 1282 3328; x_wconf 87' lang='lat' dir='ltr'><strong>coniungens</strong></span> <span class='ocrx_word' id='word_1_172' title='bbox 1316 3220 1562 3324; x_wconf 81' lang='lat' dir='ltr'><strong>cursitando,</strong></span> <span class='ocrx_word' id='word_1_173' title='bbox 1580 3247 1625 3302; x_wconf 87' lang='lat' dir='ltr'><strong>se</strong></span> 
     </span>
     <span class='ocr_line' id='line_1_24' title="bbox 227 3343 1625 3452; baseline 0.001 -31"><span class='ocrx_word' id='word_1_174' title='bbox 227 3343 350 3424; x_wconf 81' lang='lat' dir='ltr'><strong>simul</strong></span> <span class='ocrx_word' id='word_1_175' title='bbox 383 3344 584 3426; x_wconf 87' lang='lat' dir='ltr'><strong>adunauit</strong></span> <span class='ocrx_word' id='word_1_176' title='bbox 615 3345 722 3427; x_wconf 90' lang='lat' dir='ltr'><strong>sicut</strong></span> <span class='ocrx_word' id='word_1_177' title='bbox 753 3372 874 3452; x_wconf 86' lang='lat' dir='ltr'><strong>apes:</strong></span> <span class='ocrx_word' id='word_1_178' title='bbox 913 3371 1038 3451; x_wconf 87' lang='lat' dir='ltr'><strong>quam</strong></span> <span class='ocrx_word' id='word_1_179' title='bbox 1071 3345 1226 3450; x_wconf 83' lang='lat' dir='ltr'><strong>sagittis</strong></span> <span class='ocrx_word' id='word_1_180' title='bbox 1258 3343 1515 3424; x_wconf 87' lang='lat' dir='ltr'><strong>vulnerando</strong></span> <span class='ocrx_word' id='word_1_181' title='bbox 1547 3369 1625 3422; x_wconf 88' lang='lat' dir='ltr'><strong>nec</strong></span> 
     </span>
     <span class='ocr_line' id='line_1_25' title="bbox 226 3465 1626 3574; baseline 0.001 -30"><span class='ocrx_word' id='word_1_182' title='bbox 226 3465 478 3546; x_wconf 83' lang='lat' dir='ltr'><strong>descendere</strong></span> <span class='ocrx_word' id='word_1_183' title='bbox 510 3493 589 3546; x_wconf 91' lang='lat' dir='ltr'><strong>nec</strong></span> <span class='ocrx_word' id='word_1_184' title='bbox 621 3467 812 3548; x_wconf 90' lang='lat' dir='ltr'><strong>recedere</strong></span> <span class='ocrx_word' id='word_1_185' title='bbox 845 3467 1131 3574; x_wconf 79' lang='lat' dir='ltr'><strong>permiserunt,</strong></span> <span class='ocrx_word' id='word_1_186' title='bbox 1151 3467 1282 3573; x_wconf 84' lang='lat' dir='ltr'><strong>quise</strong></span> <span class='ocrx_word' id='word_1_187' title='bbox 1314 3466 1484 3546; x_wconf 90' lang='lat' dir='ltr'><strong>tandem</strong></span> <span class='ocrx_word' id='word_1_188' title='bbox 1511 3465 1626 3547; x_wconf 86' lang='lat' dir='ltr'><strong>velut</strong></span> 
     </span>
     <span class='ocr_line' id='line_1_26' title="bbox 226 3587 1625 3696; baseline -0.001 -29"><span class='ocrx_word' id='word_1_189' title='bbox 226 3605 409 3670; x_wconf 86' lang='lat' dir='ltr'><strong>mortuos</strong></span> <span class='ocrx_word' id='word_1_190' title='bbox 441 3588 482 3668; x_wconf 93' lang='lat' dir='ltr'><strong>in</strong></span> <span class='ocrx_word' id='word_1_191' title='bbox 516 3615 665 3670; x_wconf 88' lang='lat' dir='ltr'><strong>manus</strong></span> <span class='ocrx_word' id='word_1_192' title='bbox 697 3589 1219 3694; x_wconf 84' lang='lat' dir='ltr'><strong>dederuutHungarorum.</strong></span> <span class='ocrx_word' id='word_1_193' title='bbox 1243 3587 1355 3683; x_wconf 82' lang='lat' dir='ltr'><strong>Quos</strong></span> <span class='ocrx_word' id='word_1_194' title='bbox 1389 3587 1557 3696; x_wconf 89' lang='lat' dir='ltr'><strong>quidem</strong></span> <span class='ocrx_word' id='word_1_195' title='bbox 1578 3599 1625 3668; x_wconf 88' lang='lat' dir='ltr'><strong>ut</strong></span> 
     </span>
     <span class='ocr_line' id='line_1_27' title="bbox 226 3710 1624 3819; baseline 0 -30"><span class='ocrx_word' id='word_1_196' title='bbox 226 3725 438 3817; x_wconf 87' lang='lat' dir='ltr'><strong>ceperunt,</strong></span> <span class='ocrx_word' id='word_1_197' title='bbox 457 3713 651 3794; x_wconf 86' lang='lat' dir='ltr'><strong>omnibus</strong></span> <span class='ocrx_word' id='word_1_198' title='bbox 685 3724 810 3819; x_wconf 87' lang='lat' dir='ltr'><strong>caput</strong></span> <span class='ocrx_word' id='word_1_199' title='bbox 842 3712 1138 3792; x_wconf 85' lang='lat' dir='ltr'><strong>detumcaruut</strong></span> <span class='ocrx_word' id='word_1_200' title='bbox 1171 3738 1243 3818; x_wconf 93' lang='lat' dir='ltr'><strong>pro</strong></span> <span class='ocrx_word' id='word_1_201' title='bbox 1271 3711 1460 3817; x_wconf 86' lang='lat' dir='ltr'><strong>exequiis</strong></span> <span class='ocrx_word' id='word_1_202' title='bbox 1492 3710 1624 3792; x_wconf 90' lang='lat' dir='ltr'><strong>socio·</strong></span> 
     </span>
     <span class='ocr_line' id='line_1_28' title="bbox 224 3830 1624 3940; baseline 0.001 -29"><span class='ocrx_word' id='word_1_203' title='bbox 224 3859 328 3913; x_wconf 93' lang='lat' dir='ltr'><strong>rum.</strong></span> <span class='ocrx_word' id='word_1_204' title='bbox 362 3831 543 3914; x_wconf 84' lang='lat' dir='ltr'><strong>Fuerant</strong></span> <span class='ocrx_word' id='word_1_205' title='bbox 574 3847 714 3914; x_wconf 89' lang='lat' dir='ltr'><strong>autem</strong></span> <span class='ocrx_word' id='word_1_206' title='bbox 747 3861 920 3915; x_wconf 89' lang='lat' dir='ltr'><strong>numero</strong></span> <span class='ocrx_word' id='word_1_207' title='bbox 953 3833 1104 3915; x_wconf 90' lang='lat' dir='ltr'><strong>milites</strong></span> <span class='ocrx_word' id='word_1_208' title='bbox 1137 3847 1179 3913; x_wconf 88' lang='lat' dir='ltr'><strong>et</strong></span> <span class='ocrx_word' id='word_1_209' title='bbox 1194 3833 1376 3915; x_wconf 88' lang='lat' dir='ltr'><strong>scutiferi</strong></span> <span class='ocrx_word' id='word_1_210' title='bbox 1394 3833 1511 3940; x_wconf 86' lang='lat' dir='ltr'><strong>quasi</strong></span> <span class='ocrx_word' id='word_1_211' title='bbox 1528 3830 1624 3913; x_wconf 88' lang='lat' dir='ltr'>VIII</span> 
     </span>
     <span class='ocr_line' id='line_1_29' title="bbox 226 3954 1624 4064; baseline 0 -30"><span class='ocrx_word' id='word_1_212' title='bbox 226 3954 349 4058; x_wconf 85' lang='lat' dir='ltr'><strong>milia,</strong></span> <span class='ocrx_word' id='word_1_213' title='bbox 384 3981 562 4061; x_wconf 87' lang='lat' dir='ltr'><strong>quorum</strong></span> <span class='ocrx_word' id='word_1_214' title='bbox 595 3956 730 4064; x_wconf 82' lang='lat' dir='ltr'><strong>capita</strong></span> <span class='ocrx_word' id='word_1_215' title='bbox 763 3968 860 4039; x_wconf 86' lang='lat' dir='ltr'><strong>sunt</strong></span> <span class='ocrx_word' id='word_1_216' title='bbox 890 3968 1091 4037; x_wconf 88' lang='lat' dir='ltr'><strong>truncata.</strong></span> <span class='ocrx_word' id='word_1_217' title='bbox 1126 3956 1289 4036; x_wconf 79' lang='lat' dir='ltr'><strong>Abinde</strong></span> <span class='ocrx_word' id='word_1_218' title='bbox 1324 3955 1475 4060; x_wconf 84' lang='lat' dir='ltr'><strong>egressi</strong></span> <span class='ocrx_word' id='word_1_219' title='bbox 1511 3967 1624 4062; x_wconf 88' lang='lat' dir='ltr'><strong>post·</strong></span> 
     </span>
     <span class='ocr_line' id='line_1_30' title="bbox 227 4075 1624 4180; baseline 0 -24"><span class='ocrx_word' id='word_1_220' title='bbox 227 4076 398 4158; x_wconf 90' lang='lat' dir='ltr'><strong>modum</strong></span> <span class='ocrx_word' id='word_1_221' title='bbox 431 4075 614 4161; x_wconf 83' lang='lat' dir='ltr'><strong>Danubii</strong></span> <span class='ocrx_word' id='word_1_222' title='bbox 645 4078 820 4161; x_wconf 89' lang='lat' dir='ltr'><strong>fluuium</strong></span> <span class='ocrx_word' id='word_1_223' title='bbox 854 4079 893 4159; x_wconf 91' lang='lat' dir='ltr'><strong>in</strong></span> <span class='ocrx_word' id='word_1_224' title='bbox 918 4077 1040 4160; x_wconf 85' lang='lat' dir='ltr'><strong>Vlma</strong></span> <span class='ocrx_word' id='word_1_225' title='bbox 1071 4078 1332 4180; x_wconf 83' lang='lat' dir='ltr'><strong>transierunt,</strong></span> <span class='ocrx_word' id='word_1_226' title='bbox 1366 4091 1407 4158; x_wconf 89' lang='lat' dir='ltr'><strong>et</strong></span> <span class='ocrx_word' id='word_1_227' title='bbox 1439 4078 1490 4159; x_wconf 86' lang='lat' dir='ltr'><strong>ad</strong></span> <span class='ocrx_word' id='word_1_228' title='bbox 1524 4077 1624 4159; x_wconf 88' lang='lat' dir='ltr'><strong>Wil-</strong></span> 
     </span>
     <span class='ocr_line' id='line_1_31' title="bbox 225 4195 1623 4308; baseline 0.001 -30"><span class='ocrx_word' id='word_1_229' title='bbox 225 4195 382 4308; x_wconf 77' lang='lat' dir='ltr'><strong>tensc³)</strong></span> <span class='ocrx_word' id='word_1_230' title='bbox 415 4201 636 4282; x_wconf 82' lang='lat' dir='ltr'><strong>cenobium</strong></span> <span class='ocrx_word' id='word_1_231' title='bbox 656 4229 751 4281; x_wconf 90' lang='lat' dir='ltr'><strong>cum</strong></span> <span class='ocrx_word' id='word_1_232' title='bbox 769 4200 980 4282; x_wconf 76' lang='lat' dir='ltr'><strong>venissent</strong></span> <span class='ocrx_word' id='word_1_233' title='bbox 997 4200 1234 4282; x_wconf 85' lang='lat' dir='ltr'><strong>thesaurum</strong></span> <span class='ocrx_word' id='word_1_234' title='bbox 1255 4227 1454 4306; x_wconf 84' lang='lat' dir='ltr'><strong>magnum</strong></span> <span class='ocrx_word' id='word_1_235' title='bbox 1473 4199 1623 4280; x_wconf 86' lang='lat' dir='ltr'><strong>exinde</strong></span> 
     </span>
     <span class='ocr_line' id='line_1_32' title="bbox 225 4318 1624 4431; baseline 0.001 -30"><span class='ocrx_word' id='word_1_236' title='bbox 225 4337 475 4430; x_wconf 82' lang='lat' dir='ltr'><strong>rapuerunt3</strong></span> <span class='ocrx_word' id='word_1_237' title='bbox 509 4339 549 4404; x_wconf 90' lang='lat' dir='ltr'><strong>et</strong></span> <span class='ocrx_word' id='word_1_238' title='bbox 581 4340 674 4431; x_wconf 86' lang='lat' dir='ltr'><strong>post</strong></span> <span class='ocrx_word' id='word_1_239' title='bbox 707 4324 784 4404; x_wconf 92' lang='lat' dir='ltr'><strong>hoc</strong></span> <span class='ocrx_word' id='word_1_240' title='bbox 816 4335 901 4404; x_wconf 86' lang='lat' dir='ltr'><strong>tota</strong></span> <span class='ocrx_word' id='word_1_241' title='bbox 933 4321 1087 4404; x_wconf 85' lang='lat' dir='ltr'><strong>Sueuia</strong></span> <span class='ocrx_word' id='word_1_242' title='bbox 1122 4318 1218 4429; x_wconf 43' lang='grc' dir='ltr'><strong>Δ)</strong></span> <span class='ocrx_word' id='word_1_243' title='bbox 1252 4322 1414 4403; x_wconf 77' lang='lat' dir='ltr'><strong>Renum</strong></span> <span class='ocrx_word' id='word_1_244' title='bbox 1436 4320 1624 4402; x_wconf 87' lang='lat' dir='ltr'><strong>Worma-</strong></span> 
     </span>
     <span class='ocr_line' id='line_1_33' title="bbox 225 4439 1623 4553; baseline 0.002 -29"><span class='ocrx_word' id='word_1_245' title='bbox 225 4443 279 4524; x_wconf 90' lang='lat' dir='ltr'><strong>tie</strong></span> <span class='ocrx_word' id='word_1_246' title='bbox 312 4444 575 4545; x_wconf 83' lang='lat' dir='ltr'><strong>transierunt,</strong></span> <span class='ocrx_word' id='word_1_247' title='bbox 607 4445 748 4553; x_wconf 87' lang='lat' dir='ltr'><strong>ibique</strong></span> <span class='ocrx_word' id='word_1_248' title='bbox 782 4447 885 4528; x_wconf 90' lang='lat' dir='ltr'><strong>dnos</strong></span> <span class='ocrx_word' id='word_1_249' title='bbox 927 4446 1054 4527; x_wconf 83' lang='lat' dir='ltr'><strong>duces</strong></span> <span class='ocrx_word' id='word_1_250' title='bbox 1094 4441 1289 4552; x_wconf 85' lang='lat' dir='ltr'><strong>scilieet⁵)</strong></span> <span class='ocrx_word' id='word_1_251' title='bbox 1322 4439 1623 4549; x_wconf 42' lang='lat' dir='ltr'><strong>lotharingie&amp;</strong></span> 
     </span>
     <span class='ocr_line' id='line_1_34' title="bbox 227 4565 1623 4650; baseline 0.001 -5"><span class='ocrx_word' id='word_1_252' title='bbox 227 4579 267 4645; x_wconf 92' lang='lat' dir='ltr'><strong>et</strong></span> <span class='ocrx_word' id='word_1_253' title='bbox 297 4565 451 4648; x_wconf 84' lang='lat' dir='ltr'><strong>Sueuie</strong></span> <span class='ocrx_word' id='word_1_254' title='bbox 485 4596 580 4648; x_wconf 62' lang='lat' dir='ltr'><strong>trum</strong></span> <span class='ocrx_word' id='word_1_255' title='bbox 613 4568 798 4650; x_wconf 87' lang='lat' dir='ltr'><strong>maximo</strong></span> <span class='ocrx_word' id='word_1_256' title='bbox 832 4568 1017 4649; x_wconf 81' lang='lat' dir='ltr'><strong>exercitu</strong></span> <span class='ocrx_word' id='word_1_257' title='bbox 1050 4584 1192 4649; x_wconf 86' lang='lat' dir='ltr'><strong>contra</strong></span> <span class='ocrx_word' id='word_1_258' title='bbox 1224 4594 1293 4649; x_wconf 91' lang='lat' dir='ltr'><strong>eos</strong></span> <span class='ocrx_word' id='word_1_259' title='bbox 1326 4567 1540 4649; x_wconf 90' lang='lat' dir='ltr'><strong>venientes</strong></span> <span class='ocrx_word' id='word_1_260' title='bbox 1562 4565 1623 4647; x_wconf 93' lang='lat' dir='ltr'><strong>in·</strong></span> 
     </span>
    </p>
   </div>
   <div class='ocr_carea' id='block_1_3' title="bbox 226 4753 432 4764">
    <p class='ocr_par' dir='ltr' id='par_1_4' title="bbox 226 4753 432 4764">
     <span class='ocr_line' id='line_1_35' title="bbox 226 4753 432 4764; baseline 0 0"><span class='ocrx_word' id='word_1_261' title='bbox 226 4753 432 4764; x_wconf 71' lang='lat' dir='ltr'>—n———u</span> 
     </span>
    </p>
   </div>
   <div class='ocr_carea' id='block_1_4' title="bbox 227 4839 1624 5050">
    <p class='ocr_par' dir='ltr' id='par_1_5' title="bbox 227 4839 1624 5050">
     <span class='ocr_line' id='line_1_36' title="bbox 332 4839 1624 4948; baseline 0.005 -34"><span class='ocrx_word' id='word_1_262' title='bbox 332 4839 358 4934; x_wconf 85' lang='lat'><strong>¹)</strong></span> <span class='ocrx_word' id='word_1_263' title='bbox 388 4843 476 4916; x_wconf 88' lang='lat' dir='ltr'><strong>liber</strong></span> <span class='ocrx_word' id='word_1_264' title='bbox 505 4842 668 4918; x_wconf 87' lang='lat' dir='ltr'><strong>eontinet.</strong></span> <span class='ocrx_word' id='word_1_265' title='bbox 709 4847 736 4937; x_wconf 76' lang='lat'><strong>²)</strong></span> <span class='ocrx_word' id='word_1_266' title='bbox 766 4869 826 4939; x_wconf 84' lang='lat' dir='ltr'><strong>pro</strong></span> <span class='ocrx_word' id='word_1_267' title='bbox 865 4845 1030 4921; x_wconf 88' lang='lat' dir='ltr'><strong>iniuriose</strong></span> <span class='ocrx_word' id='word_1_268' title='bbox 1067 4849 1165 4920; x_wconf 87' lang='lat' dir='ltr'><strong>ambo</strong></span> <span class='ocrx_word' id='word_1_269' title='bbox 1201 4849 1294 4922; x_wconf 90' lang='lat' dir='ltr'><strong>codd.</strong></span> <span class='ocrx_word' id='word_1_270' title='bbox 1332 4848 1360 4942; x_wconf 67' lang='grc'><strong>8)</strong></span> <span class='ocrx_word' id='word_1_271' title='bbox 1389 4848 1566 4922; x_wconf 86' lang='lat' dir='ltr'><strong>Vultense.</strong></span> <span class='ocrx_word' id='word_1_272' title='bbox 1596 4843 1624 4948; x_wconf 86' lang='lat'><strong>⁴)</strong></span> 
     </span>
     <span class='ocr_line' id='line_1_37' title="bbox 227 4945 1099 5050; baseline 0.008 -31"><span class='ocrx_word' id='word_1_273' title='bbox 227 4946 386 5024; x_wconf 85' lang='lat' dir='ltr'><strong>demolita</strong></span> <span class='ocrx_word' id='word_1_274' title='bbox 414 4949 551 5046; x_wconf 87' lang='lat' dir='ltr'><strong>supplet</strong></span> <span class='ocrx_word' id='word_1_275' title='bbox 579 4951 642 5024; x_wconf 90' lang='lat' dir='ltr'><strong>He.</strong></span> <span class='ocrx_word' id='word_1_276' title='bbox 675 4945 702 5046; x_wconf 81' lang='lat'><strong>⁵)</strong></span> <span class='ocrx_word' id='word_1_277' title='bbox 731 4973 802 5027; x_wconf 87' lang='lat' dir='ltr'><strong>seu.</strong></span> <span class='ocrx_word' id='word_1_278' title='bbox 834 4947 861 5048; x_wconf 79' lang='lat'><strong>⁴⁵)</strong></span> <span class='ocrx_word' id='word_1_279' title='bbox 890 4951 1099 5050; x_wconf 76' lang='lat' dir='ltr'><strong>heteringie.</strong></span> 
     </span>
    </p>
   </div>
   <div class='ocr_carea' id='block_1_5' title="bbox 0 0 1959 5762">
    <p class='ocr_par' dir='ltr' id='par_1_6' title="bbox 0 0 1959 5762">
     <span class='ocr_line' id='line_1_38' title="bbox 0 0 1959 5762; baseline 0 0"><span class='ocrx_word' id='word_1_280' title='bbox 0 0 1959 5762; x_wconf 95' lang='lat' dir='ltr'><strong> </strong></span> 
     </span>
    </p>
   </div>
  </div>
 </body>
</html>
