3900 5762
805 549 960 656 Q

180 766 449 850 uehementer
491 795 778 875 expauesoens
818 770 1036 876 transfugit
1076 769 1119 850 in
1160 768 1380 852 Bauariam
1426 768 1583 852 Hcrrioi

179 889 281 996 regis
314 891 618 973 teutonicorum
652 891 903 974 adiutorium
935 892 1240 1001 imploraturus,
1280 892 1399 974 Petro
1443 893 1584 1000 itaque

179 1040 250 1120 per
280 1013 419 1118 fugam
452 1012 502 1094 de
535 1011 728 1095 manibus
761 1013 1040 1122 hungarorum
1075 1015 1227 1122 elapso,
1266 1017 1412 1121 ungari
1453 1015 1584 1096 seele-

178 1135 426 1218 ratissimum
459 1135 620 1217 Budam
659 1136 878 1220 barbatum
922 1138 1107 1218 omnimn
1152 1136 1355 1218 malorum
1397 1138 1583 1218 incento-

176 1284 274 1362 rem,
320 1257 438 1339 cuius
481 1258 649 1340 consilio
693 1258 835 1341 Petrus
868 1257 1089 1366 Vngariam
1133 1258 1346 1361 afflixerat,
1381 1260 1423 1340 in
1453 1259 1583 1341 frusta

176 1379 439 1461 concidentes
472 1381 776 1481 iuterfecerunt,
813 1395 855 1462 et
886 1381 1061 1463 duorum
1096 1380 1272 1463 filiorum
1296 1408 1465 1464 suorum
1483 1408 1582 1463 ocu·

176 1502 236 1584 los
270 1501 512 1584 effoderunt.
546 1502 679 1584 Sebus
712 1517 853 1584 autem
887 1506 957 1612 qui
986 1501 1275 1587 oculosVazul
1294 1516 1466 1606 eruerat,
1485 1529 1582 1584 con-

172 1624 313 1705 fractis
345 1624 538 1706 mambus
571 1639 612 1706 et
644 1625 820 1732 pedibus
853 1640 1131 1732 peremerunt.
1165 1625 1376 1720 Quosdam
1408 1625 1582 1706 verola-

173 1745 341 1852 pidibus
375 1746 608 1848 obruentes,
642 1746 742 1830 alios
775 1761 915 1830 autem
948 1751 989 1830 in
1024 1749 1239 1854 manganis
1257 1747 1397 1830 terreis
1414 1760 1583 1829 uastan-

172 1888 235 1950 tes
270 1868 522 1950 occiderunt.
557 1869 650 1952 Aba
682 1897 780 1951 rero
813 1872 938 1976 regali
971 1883 1176 1979 potestate
1209 1869 1457 1952 sublimatus
1484 1895 1582 1950 con·

171 2003 359 2072 secratus
401 2004 462 2072 est
506 1992 547 2072 in
587 2019 739 2097 regem.
789 1995 945 2075 Omues
988 2006 1126 2074 autem
1178 1992 1499 2075 constitutiones
1541 2005 1583 2072 et

169 2114 429 2215 excrccioueS,
448 2140 552 2221 quas
584 2113 728 2196 Petrus
756 2141 831 2195 rex
850 2115 1081 2197 secundum
1100 2113 1444 2197 consuetudinem
1462 2139 1582 2196 suam

168 2249 381 2333 statuerat,
412 2237 505 2317 Aba
537 2263 610 2316 rex
644 2236 685 2316 in
719 2237 878 2320 irritum
912 2237 1139 2318 reuocauit.
1174 2237 1218 2317 ln
1253 2236 1328 2344 hys
1360 2249 1500 2317 autem
1518 2263 1581 2317 ro-

169 2359 247 2440 bus
281 2358 471 2464 gerendis
512 2371 593 2440 tres
637 2359 687 2438 de
730 2359 986 2467 principibus
1028 2360 1142 2465 regni
1175 2359 1361 2466 precipui
1400 2359 1580 2441 fuerunt.

169 2480 288 2562 l'nus
334 2481 563 2562 uocabatur
605 2479 754 2582 Wisce,
798 2482 1008 2565 sccundus
1050 2481 1242 2590 Toyzlau,
1283 2480 1437 2564 tercius
1479 2507 1580 2561 uero

168 2602 287 2704 reat,
326 2602 397 2709 qui
429 2602 660 2686 libertatem
693 2603 826 2709 gentis
858 2631 932 2686 sue
967 2605 1208 2710 querebant,
1243 2619 1283 2684 ot
1315 2629 1488 2708 regnum
1516 2629 1580 2686 re.-

166 2726 248 2830 gali
292 2725 440 2807 semini
483 2724 699 2808 restituere
743 2725 918 2808 fideliter
956 2726 1206 2808 nitebantur.
1250 2726 1295 2807 lu
1330 2725 1448 2807 tertio
1479 2751 1580 2806 uero

166 2874 277 2928 toruo
311 2848 417 2953 regis
459 2849 551 2930 Abe
595 2846 740 2930 Petrus
783 2876 877 2930 cum
926 2847 1095 2929 Herrico
1139 2874 1234 2953 rege
1274 2845 1576 2929 teutonicorum

167 2969 386 3052 descendit
418 2996 513 3052 cum
548 2970 735 3051 exercitu
768 2997 919 3076 magno
952 2983 1093 3052 contra
1128 2971 1263 3052 albam
1295 2996 1447 3076 regem.
1485 2967 1577 3050 Rex

164 3093 290 3198 igitur
321 3091 416 3174 Aba
447 3092 620 3174 audiens
652 3091 819 3175 Petrum
852 3094 904 3175 ab
938 3092 1131 3197 hungaris
1165 3092 1407 3173 derelictum
1451 3103 1492 3170 et
1523 3091 1576 3172 ab

164 3213 338 3296 Herrioo
372 3214 468 3322 (49)
500 3239 597 3321 rege
628 3215 933 3298 teutonicorum
967 3213 1145 3321 benigne
1178 3226 1433 3320 susceptum,
1467 3238 1576 3292 anno

164 3336 325 3418 domini
357 3335 444 3418 ill-o
477 3335 596 3419 XL·0
629 3336 712 3417 ll·o
746 3336 856 3419 misit
887 3338 1060 3420 nuncios
1093 3335 1145 3417 ad
1178 3333 1371 3416 Cesaram
1402 3345 1451 3415 ut
1483 3359 1575 3440 per·

164 3459 351 3566 quiret-et
381 3485 434 3540 au
466 3458 747 3540 inimicaretur
779 3459 816 3540 ei
849 3485 922 3566 pro
955 3486 1004 3540 eo
1037 3458 1148 3566 quod
1180 3458 1346 3538 Petrum
1379 3455 1432 3537 de
1449 3480 1574 3559 reguo

164 3581 399 3690 expulerat,
433 3607 487 3663 an
520 3581 643 3663 etiarn
677 3607 825 3688 paoem
859 3582 1049 3664 stabilem
1071 3607 1165 3663 curn
1186 3606 1234 3660 eo
1251 3591 1392 3687 posset
1407 3578 1574 3660 habere.

163 3703 244 3786 Cui
277 3702 404 3786 Cesar
422 3705 464 3785 in
496 3702 788 3811 respondendo
806 3730 850 3786 se
878 3703 1093 3785 inimicum
1111 3729 1201 3784 esse
1219 3699 1399 3782 ostendit
1415 3699 1573 3782 dicens:

161 3827 263 3934 quia
288 3853 405 3908 meos
437 3826 595 3908 iniuriis
628 3826 835 3923 lacessas,
873 3825 973 3933 quid
991 3825 1059 3906 uel
1077 3836 1278 3932 quantum
1297 3849 1469 3930 possum
1486 3821 1574 3930 ipse

160 3949 327 4032 sentiet.
361 3947 449 4029 Rex
483 3950 577 4032 Aba
607 3948 685 4056 hys
718 3947 867 4030 auditis
900 3947 1116 4047 intellexit,
1144 3945 1255 4052 quod
1283 3944 1409 4026 Cesar
1439 3945 1573 4025 inten-

161 4071 280 4153 deret
310 4071 430 4152 Petro
456 4098 630 4177 regnum
660 4071 888 4152 restituere.
921 4069 1204 4150 inflammatus
1236 4069 1306 4170 ira,
1325 4080 1573 4174 congregato

162 4193 354 4276 exercitu
387 4219 536 4300 magno
568 4191 721 4275 inuasit
756 4192 961 4274 Austriam
995 4203 1037 4272 et
1068 4191 1297 4292 Banariam,
1331 4201 1444 4269 etex
1461 4201 1574 4270 utra·

160 4343 245 4424 que
280 4328 395 4423 parte
428 4314 610 4398 Danubii
640 4313 820 4397 fluminis
854 4313 1053 4421 bipertitis
1085 4313 1160 4393 alis
1194 4323 1474 4420 pugnatorum
1490 4310 1571 4390 for-

160 4439 282 4538 tium,
301 4439 504 4545 percussit
524 4463 594 4519 eos
621 4438 664 4517 in
684 4463 753 4518 ore
770 4435 905 4541 gladii.
922 4435 1034 4517 Tulit
1050 4434 1189 4541 itaque
1208 4432 1339 4541 spolia
1357 4459 1513 4531 eorum,
1532 4445 1572 4510 et

159 4560 364 4668 plurimos
397 4559 583 4668 captiuos
602 4587 655 4641 ex
674 4558 732 4642 eis
749 4585 892 4641 secum
905 4557 1071 4640 trahens
1088 4584 1113 4637 a
1128 4556 1297 4637 flumine
1320 4552 1431 4660 quod
1448 4579 1571 4635 roca·

160 4673 1570 4792 turTraysama,pertransiuitcaptiuandousqueciuitatemTuluam,

159 4807 201 4886 iu
233 4831 318 4912 qua
349 4804 619 4914 pernoctauit.
660 4803 833 4886 Factum
856 4814 918 4885 est
944 4811 1084 4882 autem
1111 4799 1188 4883 hoc
1213 4797 1399 4883 secunda
1429 4796 1527 4877 foria
1541 4792 1569 4907 ¹)

274 5063 299 5172 ¹)
327 5066 429 5142 LX·c
457 5065 532 5142 add.
562 5066 605 5141 A.
