4024 5776
848 581 1003 694 Q

222 803 365 890 buisse
408 834 503 889 cum
546 807 655 916 ipsis
672 801 700 914 ¹)
743 807 859 889 iuxta
907 809 1063 892 dietum
1106 807 1297 891 (hosium
1307 801 1339 917 ²)
1382 807 1627 892 referuntur.

223 929 289 1010 Ex
322 957 406 1036 qua
439 930 607 1036 quidem
642 929 930 1011 coniunctione
964 932 1069 1013 dixit
1094 932 1300 1038 hungaros
1320 932 1526 1014 oriundos,
1547 929 1627 1012 Sed

224 1065 273 1132 nt
305 1053 393 1134 eius
427 1053 595 1135 assertio
629 1052 767 1160 palam
801 1052 881 1156 tiat,
915 1055 1133 1137 talsissima
1159 1051 1332 1162 primo³)
1365 1065 1627 1162 pertextam

225 1176 521 1281 comprobatur
565 1174 871 1279 evangelicum:
920 1177 1029 1282 (prod
1063 1177 1228 1282 spiritus
1262 1203 1428 1257 earnem
1464 1190 1504 1256 et
1537 1202 1629 1258 ossa

226 1323 313 1376 non
347 1297 522 1398 habent,
561 1311 601 1378 et
633 1297 742 1402 (prod
777 1311 839 1377 est
871 1299 921 1376 de
956 1326 1076 1379 earne
1111 1326 1204 1379 earn
1238 1312 1310 1401 est,
1344 1298 1453 1406 quod
1488 1311 1628 1379 autem

227 1419 282 1498 de
314 1419 471 1526 spiritu,
504 1420 670 1528 spiritus
703 1431 775 1500 est.
810 1418 1066 1502 Cmrtrarium
1103 1448 1269 1527 quoque
1302 1422 1458 1501 naturis
1492 1449 1628 1501 rerum

227 1539 384 1622 dixisse
418 1537 672 1648 indicatur·,²)
707 1554 748 1621 et
780 1543 944 1647 penitus
978 1544 1218 1624 aduersatur
1260 1544 1432 1644 veritati,
1469 1558 1516 1623 nt
1547 1541 1630 1649 spi·

226 1663 328 1744 ritus
361 1691 556 1770 generare
589 1664 758 1770 possint.
794 1664 944 1770 ‹prihus
981 1694 1061 1744 mm
1096 1677 1194 1746 sunt
1235 1691 1432 1748 eorreessa
1463 1680 1629 1746 natura·

228 1785 284 1866 lia
324 1786 613 1888 instrumenta,
658 1813 739 1891 que
782 1787 974 1866 rirtntem
1020 1814 1068 1867 an
1110 1788 1290 1868 otiieium
1334 1788 1430 1868 dare
1473 1788 1631 1892 possint

227 1907 463 2012 generandi,
507 1909 691 1990 valentes
740 1907 936 2014 perticere
987 1937 1125 1989 reram
1174 1913 1346 1990 timnam
1394 1909 1628 1991 emhrionis.

228 2030 431 2122 Quoeirea
462 2045 584 2138 patet,
618 2031 723 2111 sieut
757 2030 899 2111 mumli
933 2032 1117 2112 nationes
1151 2033 1262 2130 alias,
1290 2032 1341 2110 de
1376 2032 1460 2112 viro
1495 2048 1536 2112 et
1567 2031 1627 2112 fe-

229 2152 341 2232 mina
373 2153 578 2256 hungaros
611 2153 806 2258 miginem
842 2154 1126 2260 assumpsisse.
1155 2154 1200 2234 hr
1237 2181 1284 2234 eo
1318 2153 1440 2233 etiam
1453 2149 1483 2262 ⁵)
1519 2153 1628 2234 idem

229 2275 324 2356 satis
358 2289 422 2356 est
453 2289 728 2380 transgressus
763 2275 989 2374 veritatem,
1016 2277 1088 2356 uhi
1121 2275 1229 2356 solos
1261 2276 1444 2358 sinistros
1478 2276 1628 2386 prelio·

229 2425 318 2478 rum
356 2401 534 2478 euentus
568 2396 727 2477 ridetur
744 2397 981 2478 meminisse
1013 2398 1196 2504 ipsorum
1232 2398 1523 2503 hungarorum,
1541 2397 1631 2478 feli·

229 2547 296 2600 ees
330 2519 563 2625 preteriisse
597 2518 758 2600 silentio
790 2519 1040 2625 perhibetur,
1060 2519 1269 2625 quododii
1303 2521 1510 2603 manifesti
1545 2547 1630 2600 ma-

228 2641 373 2722 teriam
408 2641 615 2749 portendit
647 2640 869 2722 evidenter.
891 2641 1040 2724 Veiens
1076 2643 1213 2749 itaque
1232 2642 1445 2723 veritatem
1469 2643 1629 2745 imitari,

228 2763 287 2844 sio
336 2764 596 2870 inprosperos
635 2775 680 2842 nt
723 2764 863 2844 felices
904 2765 1160 2863 interseram3
1203 2765 1429 2871 scripturus
1463 2781 1630 2872 quoque

228 2899 364 2966 ortum
408 2885 565 2993 prefate
608 2885 794 2983 nationis,
842 2886 913 2966 uhi
955 2899 995 2965 et
1032 2885 1319 2988 habitauerint,
1364 2905 1466 2994 quot
1507 2886 1632 2967 etiam

231 3033 359 3112 regua
393 3007 699 3114 occupauerint,
735 3018 776 3086 et
808 3003 1038 3113 quotiens⁰)
1072 3009 1385 3089 inmmtauerint
1418 3037 1494 3092 sua
1528 3009 1631 3089 loea.

228 3129 344 3210 iilius
377 3144 514 3209 tamen
549 3129 749 3209 adiutorio
793 3125 873 3236 et⁷)
917 3131 1044 3234 gratia
1087 3129 1353 3232 ministrante,
1389 3133 1461 3237 qui
1493 3158 1629 3212 rerum

227 3251 415 3333 onmium
451 3277 531 3358 que
564 3251 641 3334 suh
676 3251 808 3332 iuuari
841 3252 993 3332 eireulo
1027 3280 1116 3334 esse
1149 3253 1315 3354 habent,
1336 3267 1376 3334 et
1410 3253 1515 3334 ultra
1548 3252 1633 3332 rita

227 3400 397 3481 quoqne
430 3374 622 3455 fruuntur
653 3375 858 3454 creatione
892 3373 1042 3476 habita,
1061 3387 1123 3454 est
1152 3373 1266 3456 Deus
1299 3375 1440 3484 opifex
1473 3386 1632 3455 creator

225 3497 335 3577 idem
372 3489 462 3601 210⁸)
495 3495 710 3598 redemtor,
741 3493 808 3574 eui
839 3495 891 3576 sit
924 3496 1053 3576 honor
1085 3509 1125 3575 et
1157 3497 1284 3600 gloria
1302 3497 1343 3577 in
1361 3498 1503 3579 secula
1519 3523 1629 3576 sem·

226 3619 402 3726 piterna.
439 3612 639 3715 Explicit
665 3609 935 3716 prologusd)

516 3938 790 4010 {atterunt
823 3939 1108 4028 suatavam)
1142 3939 1351 4034 GESW')

813 4119 989 4202 (farus
1021 4123 1049 4203 t.

390 4331 429 4410 2.
463 4329 679 4414 hiuitit'arie
714 4331 936 4439 multisque
970 4333 1101 4413 modis
1138 4333 1235 4411 oiim
1269 4331 1310 4410 in
1344 4331 1470 4412 veteri
1504 4343 1630 4411 testa·

227 4465 386 4554 ment0,
420 4467 461 4533 et
492 4481 603 4535 nune
636 4447 778 4558 sub¹²)
812 4468 919 4534 etate
952 4453 1217 4534 sextaseeuli
1243 4453 1424 4534 diversas
1443 4451 1630 4534 historias

225 4569 447 4681 diuersi¹³)
495 4575 809 4682 descripserunt,
843 4589 965 4682 prout
995 4576 1202 4682 dosephus
1250 4569 1493 4680 Isidorus¹⁴)
1526 4575 1628 4654 (iro-

340 4785 367 4872 1)
396 4780 446 4855 eis
476 4783 515 4854 Υ.
546 4783 573 4874 ²)
603 4778 714 4855 Orosii
742 4781 805 4854 He.
835 4783 874 4854 Υ.
907 4779 933 4881 ³)
962 4806 1076 4876 porro.
1107 4785 1135 4874 ⁴)
1165 4781 1334 4855 iudicatur
1361 4783 1425 4854 He.
1456 4781 1496 4851 V.
1529 4774 1557 4870 5)
1587 4781 1632 4852 nt

228 4885 333 4960 idern.
364 4887 404 4958 V.
437 4881 462 4982 ⁶)
492 4885 637 4978 quoties.
668 4880 694 4984 ⁷)
715 4907 752 4957 ao
772 4886 813 4958 V.
844 4881 870 4984 ⁸)
900 4893 934 4959 et
963 4889 1002 4960 V.
1035 4883 1061 4980 9)
1083 4889 1178 4959 deest
1204 4887 1239 4959 in
1260 4888 1300 4960 Υ.
1328 4883 1368 4976 ¹⁰)
1387 4886 1630 4976 hungarorum.

233 4987 278 5080 ¹¹)
310 4991 349 5062 V.
379 5011 441 5082 pro
468 4989 523 5063 his
551 4992 668 5064 habet:
697 4987 878 5082 Incipit
905 4994 1132 5085 prologus
1165 4991 1209 5062 in
1243 4989 1428 5064 cronica
1462 4989 1632 5085 hunga-

230 5117 383 5174 rorum.
417 5088 458 5200 ι’)
488 5093 524 5168 in
552 5095 592 5169 V.
626 5091 667 5200 ¹³)
696 5090 852 5168 diuersas
882 5096 1009 5172 diuersi
1037 5096 1119 5173 hist.
1158 5097 1199 5172 Υ.
1233 5089 1275 5190 ¹¹)
1304 5099 1348 5168 ot.
1378 5093 1455 5167 add.
1487 5094 1526 5170 Υ.
1584 5164 1588 5172 .
