<?xml version="1.0" encoding="UTF-8"?>
<!DOCTYPE html PUBLIC "-//W3C//DTD XHTML 1.0 Transitional//EN"
    "http://www.w3.org/TR/xhtml1/DTD/xhtml1-transitional.dtd">
<html xmlns="http://www.w3.org/1999/xhtml" xml:lang="en" lang="en">
 <head>
  <title>
</title>
<meta http-equiv="Content-Type" content="text/html;charset=utf-8" />
  <meta name='ocr-system' content='tesseract 3.04.00' />
  <meta name='ocr-capabilities' content='ocr_page ocr_carea ocr_par ocr_line ocrx_word'/>
</head>
<body>
  <div class='ocr_page' id='page_1' title='image "./chronicahungaro00florgoog_0186.png"; bbox 0 0 3896 5758; ppageno 0'>
   <div class='ocr_carea' id='block_1_1' title="bbox 801 481 954 582">
    <p class='ocr_par' dir='ltr' id='par_1_1' title="bbox 801 481 954 582">
     <span class='ocr_line' id='line_1_1' title="bbox 801 481 954 582; baseline 0 -35"><span class='ocrx_word' id='word_1_1' title='bbox 801 481 954 582; x_wconf 57' lang='lat'>„1-021..</span> 
     </span>
    </p>
   </div>
   <div class='ocr_carea' id='block_1_2' title="bbox 174 691 1583 4834">
    <p class='ocr_par' dir='ltr' id='par_1_2' title="bbox 174 691 1583 4834">
     <span class='ocr_line' id='line_1_2' title="bbox 178 691 1578 803; baseline 0 -27"><span class='ocrx_word' id='word_1_2' title='bbox 178 691 1578 803; x_wconf 51' lang='lat' dir='ltr'>emfflmmdfflmwuffifflfflifflmfflmmabmuffi</span> 
     </span>
     <span class='ocr_line' id='line_1_3' title="bbox 177 814 1579 925; baseline 0.003 -29"><span class='ocrx_word' id='word_1_3' title='bbox 177 818 347 901; x_wconf 77' lang='lat' dir='ltr'>deberet</span> <span class='ocrx_word' id='word_1_4' title='bbox 379 817 515 924; x_wconf 91' lang='lat' dir='ltr'>ipsum</span> <span class='ocrx_word' id='word_1_5' title='bbox 557 832 793 925; x_wconf 85' lang='lat' dir='ltr'>expectare.</span> <span class='ocrx_word' id='word_1_6' title='bbox 826 819 863 901; x_wconf 89' lang='lat' dir='ltr'>Is</span> <span class='ocrx_word' id='word_1_7' title='bbox 904 831 1044 900; x_wconf 89' lang='lat' dir='ltr'>autem</span> <span class='ocrx_word' id='word_1_8' title='bbox 1089 819 1160 924; x_wconf 90' lang='lat' dir='ltr'>qui</span> <span class='ocrx_word' id='word_1_9' title='bbox 1203 817 1362 898; x_wconf 90' lang='lat' dir='ltr'>ferebat</span> <span class='ocrx_word' id='word_1_10' title='bbox 1402 814 1579 900; x_wconf 84' lang='lat' dir='ltr'><strong>litteram</strong></span> 
     </span>
     <span class='ocr_line' id='line_1_4' title="bbox 176 938 1583 1048; baseline 0.001 -30"><span class='ocrx_word' id='word_1_11' title='bbox 176 940 252 1020; x_wconf 91' lang='lat' dir='ltr'>deo</span> <span class='ocrx_word' id='word_1_12' title='bbox 287 941 345 1020; x_wconf 90' lang='lat' dir='ltr'>sic</span> <span class='ocrx_word' id='word_1_13' title='bbox 379 940 546 1020; x_wconf 89' lang='lat' dir='ltr'>uolente</span> <span class='ocrx_word' id='word_1_14' title='bbox 580 955 726 1048; x_wconf 88' lang='lat' dir='ltr'>captus</span> <span class='ocrx_word' id='word_1_15' title='bbox 759 955 822 1020; x_wconf 90' lang='lat' dir='ltr'>est</span> <span class='ocrx_word' id='word_1_16' title='bbox 853 969 878 1022; x_wconf 93' lang='lat' dir='ltr'>a</span> <span class='ocrx_word' id='word_1_17' title='bbox 910 939 1152 1022; x_wconf 80' lang='lat' dir='ltr'>latrunculis</span> <span class='ocrx_word' id='word_1_18' title='bbox 1187 941 1352 1020; x_wconf 87' lang='lat' dir='ltr'>Andree</span> <span class='ocrx_word' id='word_1_19' title='bbox 1389 938 1507 1045; x_wconf 79' lang='lat' dir='ltr'>regie,</span> <span class='ocrx_word' id='word_1_20' title='bbox 1541 957 1583 1020; x_wconf 89' lang='lat' dir='ltr'>et</span> 
     </span>
     <span class='ocr_line' id='line_1_5' title="bbox 177 1061 1581 1171; baseline 0.001 -30"><span class='ocrx_word' id='word_1_21' title='bbox 177 1063 224 1142; x_wconf 89' lang='lat' dir='ltr'>ad</span> <span class='ocrx_word' id='word_1_22' title='bbox 262 1089 357 1144; x_wconf 90' lang='lat' dir='ltr'>eum</span> <span class='ocrx_word' id='word_1_23' title='bbox 394 1063 554 1144; x_wconf 89' lang='lat' dir='ltr'>ductus.</span> <span class='ocrx_word' id='word_1_24' title='bbox 592 1061 782 1168; x_wconf 77' lang='lat' dir='ltr'><strong>Cumque</strong></span> <span class='ocrx_word' id='word_1_25' title='bbox 802 1062 971 1142; x_wconf 81' lang='lat' dir='ltr'>Nicolao</span> <span class='ocrx_word' id='word_1_26' title='bbox 990 1062 1184 1171; x_wconf 89' lang='lat' dir='ltr'>episeopo</span> <span class='ocrx_word' id='word_1_27' title='bbox 1202 1061 1499 1169; x_wconf 80' lang='lat' dir='ltr'>interpretante</span> <span class='ocrx_word' id='word_1_28' title='bbox 1519 1073 1581 1142; x_wconf 92' lang='lat' dir='ltr'>te·</span> 
     </span>
     <span class='ocr_line' id='line_1_6' title="bbox 176 1181 1582 1294; baseline 0.001 -29"><span class='ocrx_word' id='word_1_29' title='bbox 176 1211 319 1265; x_wconf 91' lang='lat' dir='ltr'>uorem</span> <span class='ocrx_word' id='word_1_30' title='bbox 331 1182 556 1265; x_wconf 90' lang='lat' dir='ltr'>litterarum</span> <span class='ocrx_word' id='word_1_31' title='bbox 570 1184 864 1291; x_wconf 88' lang='lat' dir='ltr'>percepissent,</span> <span class='ocrx_word' id='word_1_32' title='bbox 878 1182 1384 1294; x_wconf 87' lang='lat' dir='ltr'>rescripseruntepiscopo</span> <span class='ocrx_word' id='word_1_33' title='bbox 1398 1181 1582 1268; x_wconf 86' lang='lat' dir='ltr'>Gebarth</span> 
     </span>
     <span class='ocr_line' id='line_1_7' title="bbox 176 1304 1581 1416; baseline -0.001 -29"><span class='ocrx_word' id='word_1_34' title='bbox 176 1308 343 1408; x_wconf 76' lang='lat' dir='ltr'>litterae,</span> <span class='ocrx_word' id='word_1_35' title='bbox 370 1333 473 1414; x_wconf 87' lang='lat' dir='ltr'>quas</span> <span class='ocrx_word' id='word_1_36' title='bbox 502 1333 576 1414; x_wconf 90' lang='lat' dir='ltr'>per</span> <span class='ocrx_word' id='word_1_37' title='bbox 604 1305 812 1413; x_wconf 87' lang='lat' dir='ltr'>quendam</span> <span class='ocrx_word' id='word_1_38' title='bbox 852 1307 1055 1414; x_wconf 85' lang='lat' dir='ltr'>hospitem</span> <span class='ocrx_word' id='word_1_39' title='bbox 1095 1305 1230 1386; x_wconf 90' lang='lat' dir='ltr'>eidem</span> <span class='ocrx_word' id='word_1_40' title='bbox 1261 1305 1474 1388; x_wconf 91' lang='lat' dir='ltr'>miserunt.</span> <span class='ocrx_word' id='word_1_41' title='bbox 1507 1304 1581 1416; x_wconf 88' lang='lat' dir='ltr'>llle</span> 
     </span>
     <span class='ocr_line' id='line_1_8' title="bbox 175 1425 1581 1530; baseline 0 -20"><span class='ocrx_word' id='word_1_42' title='bbox 175 1441 315 1511; x_wconf 87' lang='lat' dir='ltr'>autem</span> <span class='ocrx_word' id='word_1_43' title='bbox 335 1428 535 1510; x_wconf 84' lang='lat' dir='ltr'>simulans</span> <span class='ocrx_word' id='word_1_44' title='bbox 553 1455 596 1508; x_wconf 89' lang='lat' dir='ltr'>se</span> <span class='ocrx_word' id='word_1_45' title='bbox 624 1455 649 1507; x_wconf 92' lang='lat' dir='ltr'>a</span> <span class='ocrx_word' id='word_1_46' title='bbox 666 1425 814 1510; x_wconf 87' lang='lat' dir='ltr'>Cesare</span> <span class='ocrx_word' id='word_1_47' title='bbox 844 1429 1029 1530; x_wconf 88' lang='lat' dir='ltr'>missum,</span> <span class='ocrx_word' id='word_1_48' title='bbox 1049 1427 1200 1510; x_wconf 89' lang='lat' dir='ltr'>obtulit</span> <span class='ocrx_word' id='word_1_49' title='bbox 1226 1427 1381 1511; x_wconf 90' lang='lat' dir='ltr'>litteras</span> <span class='ocrx_word' id='word_1_50' title='bbox 1398 1426 1581 1510; x_wconf 88' lang='lat' dir='ltr'>Gebarth</span> 
     </span>
     <span class='ocr_line' id='line_1_9' title="bbox 176 1549 1580 1658; baseline 0.001 -27"><span class='ocrx_word' id='word_1_51' title='bbox 176 1551 371 1658; x_wconf 90' lang='lat' dir='ltr'>episcopo</span> <span class='ocrx_word' id='word_1_52' title='bbox 403 1551 499 1632; x_wconf 87' lang='lat' dir='ltr'>talia</span> <span class='ocrx_word' id='word_1_53' title='bbox 532 1549 811 1632; x_wconf 86' lang='lat' dir='ltr'>continentes:</span> <span class='ocrx_word' id='word_1_54' title='bbox 860 1550 1034 1632; x_wconf 89' lang='lat' dir='ltr'>Noueris</span> <span class='ocrx_word' id='word_1_55' title='bbox 1068 1551 1223 1658; x_wconf 93' lang='lat' dir='ltr'>optime</span> <span class='ocrx_word' id='word_1_56' title='bbox 1256 1550 1439 1632; x_wconf 89' lang='lat' dir='ltr'>Gebarth</span> <span class='ocrx_word' id='word_1_57' title='bbox 1473 1550 1580 1658; x_wconf 89' lang='lat' dir='ltr'>epis·</span> 
     </span>
     <span class='ocr_line' id='line_1_10' title="bbox 175 1671 1580 1780; baseline 0.004 -27"><span class='ocrx_word' id='word_1_58' title='bbox 175 1699 301 1780; x_wconf 82' lang='lat' dir='ltr'>cope3</span> <span class='ocrx_word' id='word_1_59' title='bbox 335 1671 445 1780; x_wconf 91' lang='lat' dir='ltr'>quod</span> <span class='ocrx_word' id='word_1_60' title='bbox 478 1699 628 1776; x_wconf 88' lang='lat' dir='ltr'>magna</span> <span class='ocrx_word' id='word_1_61' title='bbox 661 1686 702 1753; x_wconf 91' lang='lat' dir='ltr'>et</span> <span class='ocrx_word' id='word_1_62' title='bbox 733 1673 862 1754; x_wconf 90' lang='lat' dir='ltr'>ardua</span> <span class='ocrx_word' id='word_1_63' title='bbox 893 1672 1058 1777; x_wconf 90' lang='lat' dir='ltr'>negotia</span> <span class='ocrx_word' id='word_1_64' title='bbox 1089 1672 1216 1754; x_wconf 84' lang='lat' dir='ltr'>nostri</span> <span class='ocrx_word' id='word_1_65' title='bbox 1249 1672 1409 1780; x_wconf 92' lang='lat' dir='ltr'>imperii</span> <span class='ocrx_word' id='word_1_66' title='bbox 1435 1673 1580 1758; x_wconf 84' lang='lat' dir='ltr'>nesab</span> 
     </span>
     <span class='ocr_line' id='line_1_11' title="bbox 176 1793 1580 1902; baseline 0.003 -26"><span class='ocrx_word' id='word_1_67' title='bbox 176 1794 386 1899; x_wconf 91' lang='lat' dir='ltr'>Hungaria</span> <span class='ocrx_word' id='word_1_68' title='bbox 419 1794 460 1874; x_wconf 94' lang='lat' dir='ltr'>in</span> <span class='ocrx_word' id='word_1_69' title='bbox 493 1793 738 1876; x_wconf 72' lang='lat' dir='ltr'>&#39;l&#39;eutoniam</span> <span class='ocrx_word' id='word_1_70' title='bbox 773 1797 829 1875; x_wconf 92' lang='lat' dir='ltr'>ire</span> <span class='ocrx_word' id='word_1_71' title='bbox 863 1794 1126 1902; x_wconf 84' lang='lat' dir='ltr'>conpellunt3</span> <span class='ocrx_word' id='word_1_72' title='bbox 1158 1821 1255 1876; x_wconf 89' lang='lat' dir='ltr'>nam</span> <span class='ocrx_word' id='word_1_73' title='bbox 1280 1795 1435 1877; x_wconf 88' lang='lat' dir='ltr'>inimici</span> <span class='ocrx_word' id='word_1_74' title='bbox 1453 1794 1580 1880; x_wconf 87' lang='lat' dir='ltr'>nostri</span> 
     </span>
     <span class='ocr_line' id='line_1_12' title="bbox 174 1915 1581 2024; baseline 0.002 -27"><span class='ocrx_word' id='word_1_75' title='bbox 174 1916 395 2024; x_wconf 91' lang='lat' dir='ltr'>imperium</span> <span class='ocrx_word' id='word_1_76' title='bbox 428 1928 612 1997; x_wconf 88' lang='lat' dir='ltr'>nostrum</span> <span class='ocrx_word' id='word_1_77' title='bbox 649 1915 848 1998; x_wconf 90' lang='lat' dir='ltr'>hostiliter</span> <span class='ocrx_word' id='word_1_78' title='bbox 880 1930 1147 2023; x_wconf 88' lang='lat' dir='ltr'>occuparunt.</span> <span class='ocrx_word' id='word_1_79' title='bbox 1182 1917 1286 2024; x_wconf 87' lang='lat' dir='ltr'>Ergo</span> <span class='ocrx_word' id='word_1_80' title='bbox 1319 1943 1393 2024; x_wconf 86' lang='lat' dir='ltr'>age</span> <span class='ocrx_word' id='word_1_81' title='bbox 1420 1918 1581 2022; x_wconf 82' lang='lat' dir='ltr'>festina,</span> 
     </span>
     <span class='ocr_line' id='line_1_13' title="bbox 177 2039 1581 2147; baseline 0.002 -29"><span class='ocrx_word' id='word_1_82' title='bbox 177 2055 217 2120; x_wconf 89' lang='lat' dir='ltr'>et</span> <span class='ocrx_word' id='word_1_83' title='bbox 248 2039 466 2120; x_wconf 88' lang='lat' dir='ltr'>destructis</span> <span class='ocrx_word' id='word_1_84' title='bbox 499 2039 676 2120; x_wconf 88' lang='lat' dir='ltr'>nauibus</span> <span class='ocrx_word' id='word_1_85' title='bbox 710 2064 833 2144; x_wconf 87' lang='lat' dir='ltr'>quam</span> <span class='ocrx_word' id='word_1_86' title='bbox 870 2039 997 2120; x_wconf 87' lang='lat' dir='ltr'>cicius</span> <span class='ocrx_word' id='word_1_87' title='bbox 1030 2040 1182 2145; x_wconf 90' lang='lat' dir='ltr'>poteris</span> <span class='ocrx_word' id='word_1_88' title='bbox 1213 2039 1332 2122; x_wconf 91' lang='lat' dir='ltr'>uobis</span> <span class='ocrx_word' id='word_1_89' title='bbox 1359 2039 1581 2147; x_wconf 89' lang='lat' dir='ltr'>Ratispone</span> 
     </span>
     <span class='ocr_line' id='line_1_14' title="bbox 177 2159 1582 2269; baseline 0.003 -27"><span class='ocrx_word' id='word_1_90' title='bbox 177 2186 377 2242; x_wconf 89' lang='lat' dir='ltr'>occurras.</span> <span class='ocrx_word' id='word_1_91' title='bbox 425 2159 511 2241; x_wconf 84' lang='lat' dir='ltr'>Nec</span> <span class='ocrx_word' id='word_1_92' title='bbox 552 2161 660 2242; x_wconf 88' lang='lat' dir='ltr'>euim</span> <span class='ocrx_word' id='word_1_93' title='bbox 700 2161 772 2242; x_wconf 92' lang='lat' dir='ltr'>tibi</span> <span class='ocrx_word' id='word_1_94' title='bbox 814 2175 951 2244; x_wconf 92' lang='lat' dir='ltr'>tutum</span> <span class='ocrx_word' id='word_1_95' title='bbox 994 2175 1056 2242; x_wconf 92' lang='lat' dir='ltr'>est</span> <span class='ocrx_word' id='word_1_96' title='bbox 1087 2161 1265 2269; x_wconf 90' lang='lat' dir='ltr'>amplius</span> <span class='ocrx_word' id='word_1_97' title='bbox 1297 2162 1340 2243; x_wconf 88' lang='lat' dir='ltr'>iu</span> <span class='ocrx_word' id='word_1_98' title='bbox 1372 2161 1582 2268; x_wconf 87' lang='lat' dir='ltr'>Hungaria</span> 
     </span>
     <span class='ocr_line' id='line_1_15' title="bbox 178 2281 1581 2393; baseline 0.003 -29"><span class='ocrx_word' id='word_1_99' title='bbox 178 2282 432 2364; x_wconf 83' lang='lat' dir='ltr'>corninorari.</span> <span class='ocrx_word' id='word_1_100' title='bbox 465 2281 551 2389; x_wconf 87' lang='lat' dir='ltr'>Hys</span> <span class='ocrx_word' id='word_1_101' title='bbox 584 2283 723 2390; x_wconf 88' lang='lat' dir='ltr'>itaque</span> <span class='ocrx_word' id='word_1_102' title='bbox 757 2281 970 2390; x_wconf 87' lang='lat' dir='ltr'>coguitis¹)</span> <span class='ocrx_word' id='word_1_103' title='bbox 1004 2283 1187 2366; x_wconf 88' lang='lat' dir='ltr'>Gebarth</span> <span class='ocrx_word' id='word_1_104' title='bbox 1220 2284 1440 2393; x_wconf 91' lang='lat' dir='ltr'>episcopus</span> <span class='ocrx_word' id='word_1_105' title='bbox 1468 2286 1581 2368; x_wconf 86' lang='lat' dir='ltr'>festi·</span> 
     </span>
     <span class='ocr_line' id='line_1_16' title="bbox 177 2403 1580 2516; baseline 0.004 -30"><span class='ocrx_word' id='word_1_106' title='bbox 177 2419 322 2486; x_wconf 85' lang='lat' dir='ltr'>uenter</span> <span class='ocrx_word' id='word_1_107' title='bbox 352 2405 457 2510; x_wconf 82' lang='lat' dir='ltr'>fugit</span> <span class='ocrx_word' id='word_1_108' title='bbox 489 2404 530 2484; x_wconf 92' lang='lat' dir='ltr'>in</span> <span class='ocrx_word' id='word_1_109' title='bbox 561 2403 819 2488; x_wconf 89' lang='lat' dir='ltr'>Teutouiam.</span> <span class='ocrx_word' id='word_1_110' title='bbox 853 2405 979 2488; x_wconf 87' lang='lat' dir='ltr'>Cesar</span> <span class='ocrx_word' id='word_1_111' title='bbox 1012 2406 1133 2511; x_wconf 88' lang='lat' dir='ltr'>igitur</span> <span class='ocrx_word' id='word_1_112' title='bbox 1164 2433 1238 2516; x_wconf 90' lang='lat' dir='ltr'>spe</span> <span class='ocrx_word' id='word_1_113' title='bbox 1271 2408 1580 2492; x_wconf 80' lang='lat' dir='ltr'>sustentationis</span> 
     </span>
     <span class='ocr_line' id='line_1_17' title="bbox 179 2526 1582 2638; baseline 0.006 -34"><span class='ocrx_word' id='word_1_114' title='bbox 179 2553 298 2634; x_wconf 81' lang='lat' dir='ltr'>quam</span> <span class='ocrx_word' id='word_1_115' title='bbox 334 2553 357 2608; x_wconf 87' lang='lat' dir='ltr'>a</span> <span class='ocrx_word' id='word_1_116' title='bbox 390 2526 568 2608; x_wconf 90' lang='lat' dir='ltr'>nauibus</span> <span class='ocrx_word' id='word_1_117' title='bbox 602 2530 851 2633; x_wconf 78' lang='lat' dir='ltr'>expectabat</span> <span class='ocrx_word' id='word_1_118' title='bbox 881 2529 1112 2632; x_wconf 86' lang='lat' dir='ltr'>frustratus,</span> <span class='ocrx_word' id='word_1_119' title='bbox 1145 2529 1196 2610; x_wconf 91' lang='lat' dir='ltr'>ad</span> <span class='ocrx_word' id='word_1_120' title='bbox 1231 2542 1405 2611; x_wconf 90' lang='lat' dir='ltr'>mortem</span> <span class='ocrx_word' id='word_1_121' title='bbox 1428 2530 1582 2638; x_wconf 89' lang='lat' dir='ltr'>incepit</span> 
     </span>
     <span class='ocr_line' id='line_1_18' title="bbox 177 2648 1581 2760; baseline 0.003 -30"><span class='ocrx_word' id='word_1_122' title='bbox 177 2675 306 2756; x_wconf 85' lang='lat' dir='ltr'>cgere,</span> <span class='ocrx_word' id='word_1_123' title='bbox 340 2648 526 2730; x_wconf 90' lang='lat' dir='ltr'>similiter</span> <span class='ocrx_word' id='word_1_124' title='bbox 558 2662 598 2729; x_wconf 87' lang='lat' dir='ltr'>ct</span> <span class='ocrx_word' id='word_1_125' title='bbox 631 2649 850 2733; x_wconf 89' lang='lat' dir='ltr'>uniuersus</span> <span class='ocrx_word' id='word_1_126' title='bbox 894 2653 1100 2734; x_wconf 89' lang='lat' dir='ltr'>exercitus</span> <span class='ocrx_word' id='word_1_127' title='bbox 1138 2652 1227 2734; x_wconf 91' lang='lat' dir='ltr'>eius</span> <span class='ocrx_word' id='word_1_128' title='bbox 1260 2680 1357 2735; x_wconf 91' lang='lat' dir='ltr'>cum</span> <span class='ocrx_word' id='word_1_129' title='bbox 1390 2653 1507 2760; x_wconf 90' lang='lat' dir='ltr'>equis</span> <span class='ocrx_word' id='word_1_130' title='bbox 1540 2669 1581 2734; x_wconf 93' lang='lat' dir='ltr'>et</span> 
     </span>
     <span class='ocr_line' id='line_1_19' title="bbox 177 2771 1583 2884; baseline 0.004 -32"><span class='ocrx_word' id='word_1_131' title='bbox 177 2771 491 2853; x_wconf 89' lang='lat' dir='ltr'>subuectoribus</span> <span class='ocrx_word' id='word_1_132' title='bbox 535 2771 819 2854; x_wconf 82' lang='lat' dir='ltr'>miserabiliter</span> <span class='ocrx_word' id='word_1_133' title='bbox 858 2775 968 2855; x_wconf 79' lang='lat' dir='ltr'>thura</span> <span class='ocrx_word' id='word_1_134' title='bbox 1011 2773 1358 2883; x_wconf 84' lang='lat' dir='ltr'>periclitabantur.</span> <span class='ocrx_word' id='word_1_135' title='bbox 1407 2775 1583 2884; x_wconf 89' lang='lat' dir='ltr'>Insuper</span> 
     </span>
     <span class='ocr_line' id='line_1_20' title="bbox 177 2893 1580 3003; baseline 0.001 -27"><span class='ocrx_word' id='word_1_136' title='bbox 177 2895 295 2976; x_wconf 89' lang='lat' dir='ltr'>etiam</span> <span class='ocrx_word' id='word_1_137' title='bbox 331 2893 501 2998; x_wconf 83' lang='lat' dir='ltr'>hungari</span> <span class='ocrx_word' id='word_1_138' title='bbox 536 2907 576 2972; x_wconf 89' lang='lat' dir='ltr'>et</span> <span class='ocrx_word' id='word_1_139' title='bbox 609 2893 762 2976; x_wconf 88' lang='lat' dir='ltr'>bisseni</span> <span class='ocrx_word' id='word_1_140' title='bbox 795 2896 1065 3003; x_wconf 83' lang='lat' dir='ltr'>sin(b&#39;3)gulis</span> <span class='ocrx_word' id='word_1_141' title='bbox 1108 2897 1300 2980; x_wconf 88' lang='lat' dir='ltr'>noctibus</span> <span class='ocrx_word' id='word_1_142' title='bbox 1332 2896 1479 2978; x_wconf 90' lang='lat' dir='ltr'>aeriter</span> <span class='ocrx_word' id='word_1_143' title='bbox 1511 2925 1580 2980; x_wconf 89' lang='lat' dir='ltr'>eos</span> 
     </span>
     <span class='ocr_line' id='line_1_21' title="bbox 177 3015 1578 3122; baseline 0.004 -26"><span class='ocrx_word' id='word_1_144' title='bbox 177 3015 1578 3122; x_wconf 58' lang='lat' dir='ltr'>immmmmthmmmhsgmhcmimmmmmm,mhmmeu</span> 
     </span>
     <span class='ocr_line' id='line_1_22' title="bbox 176 3133 1579 3250; baseline 0.005 -32"><span class='ocrx_word' id='word_1_145' title='bbox 176 3133 391 3218; x_wconf 89' lang='lat' dir='ltr'>tendentes</span> <span class='ocrx_word' id='word_1_146' title='bbox 424 3139 529 3217; x_wconf 89' lang='lat' dir='ltr'>iuter</span> <span class='ocrx_word' id='word_1_147' title='bbox 560 3135 830 3247; x_wconf 83' lang='lat' dir='ltr'>papiliones²)</span> <span class='ocrx_word' id='word_1_148' title='bbox 864 3167 1019 3244; x_wconf 90' lang='lat' dir='ltr'>eorum,</span> <span class='ocrx_word' id='word_1_149' title='bbox 1053 3141 1321 3250; x_wconf 90' lang='lat' dir='ltr'>quamplures</span> <span class='ocrx_word' id='word_1_150' title='bbox 1338 3140 1477 3249; x_wconf 88' lang='lat' dir='ltr'>aliqua</span> <span class='ocrx_word' id='word_1_151' title='bbox 1494 3170 1579 3224; x_wconf 90' lang='lat' dir='ltr'>ser·</span> 
     </span>
     <span class='ocr_line' id='line_1_23' title="bbox 178 3260 1580 3366; baseline 0.004 -25"><span class='ocrx_word' id='word_1_152' title='bbox 178 3261 281 3342; x_wconf 89' lang='lat' dir='ltr'>uicia</span> <span class='ocrx_word' id='word_1_153' title='bbox 314 3261 512 3342; x_wconf 83' lang='lat' dir='ltr'>facientes</span> <span class='ocrx_word' id='word_1_154' title='bbox 545 3260 771 3366; x_wconf 87' lang='lat' dir='ltr'>rapiebant.</span> <span class='ocrx_word' id='word_1_155' title='bbox 824 3261 897 3343; x_wconf 89' lang='lat' dir='ltr'>l&#39;re</span> <span class='ocrx_word' id='word_1_156' title='bbox 931 3264 1075 3343; x_wconf 92' lang='lat' dir='ltr'>timore</span> <span class='ocrx_word' id='word_1_157' title='bbox 1109 3279 1251 3344; x_wconf 89' lang='lat' dir='ltr'>autem</span> <span class='ocrx_word' id='word_1_158' title='bbox 1284 3263 1477 3346; x_wconf 90' lang='lat' dir='ltr'>imbrium</span> <span class='ocrx_word' id='word_1_159' title='bbox 1513 3291 1580 3348; x_wconf 91' lang='lat' dir='ltr'>sa·</span> 
     </span>
     <span class='ocr_line' id='line_1_24' title="bbox 176 3382 1578 3491; baseline 0.004 -28"><span class='ocrx_word' id='word_1_160' title='bbox 176 3383 379 3486; x_wconf 87' lang='lat' dir='ltr'>gittarum,</span> <span class='ocrx_word' id='word_1_161' title='bbox 398 3382 549 3488; x_wconf 83' lang='lat' dir='ltr'>quibus</span> <span class='ocrx_word' id='word_1_162' title='bbox 567 3383 765 3463; x_wconf 80' lang='lat' dir='ltr'>teutonici</span> <span class='ocrx_word' id='word_1_163' title='bbox 783 3385 1131 3491; x_wconf 87' lang='lat' dir='ltr'>cornpluebautur</span> <span class='ocrx_word' id='word_1_164' title='bbox 1149 3398 1189 3465; x_wconf 89' lang='lat' dir='ltr'>et</span> <span class='ocrx_word' id='word_1_165' title='bbox 1214 3387 1578 3486; x_wconf 83' lang='lat' dir='ltr'>consumebantur,</span> 
     </span>
     <span class='ocr_line' id='line_1_25' title="bbox 176 3503 1575 3615; baseline 0.006 -33"><span class='ocrx_word' id='word_1_166' title='bbox 176 3505 385 3584; x_wconf 88' lang='lat' dir='ltr'>fodiebant</span> <span class='ocrx_word' id='word_1_167' title='bbox 417 3503 493 3582; x_wconf 86' lang='lat' dir='ltr'>sibi</span> <span class='ocrx_word' id='word_1_168' title='bbox 528 3519 688 3608; x_wconf 86' lang='lat' dir='ltr'>terram,</span> <span class='ocrx_word' id='word_1_169' title='bbox 723 3522 764 3585; x_wconf 86' lang='lat' dir='ltr'>ct</span> <span class='ocrx_word' id='word_1_170' title='bbox 797 3507 975 3613; x_wconf 82' lang='lat' dir='ltr'>desuper</span> <span class='ocrx_word' id='word_1_171' title='bbox 1009 3507 1168 3589; x_wconf 90' lang='lat' dir='ltr'>insertis</span> <span class='ocrx_word' id='word_1_172' title='bbox 1190 3507 1332 3615; x_wconf 90' lang='lat' dir='ltr'>clipeis</span> <span class='ocrx_word' id='word_1_173' title='bbox 1349 3507 1473 3589; x_wconf 92' lang='lat' dir='ltr'>etiam</span> <span class='ocrx_word' id='word_1_174' title='bbox 1492 3508 1575 3590; x_wconf 88' lang='lat' dir='ltr'>viui</span> 
     </span>
     <span class='ocr_line' id='line_1_26' title="bbox 177 3625 1576 3738; baseline 0.003 -30"><span class='ocrx_word' id='word_1_175' title='bbox 177 3653 268 3708; x_wconf 85' lang='lat' dir='ltr'>euru</span> <span class='ocrx_word' id='word_1_176' title='bbox 304 3627 475 3706; x_wconf 84' lang='lat' dir='ltr'>mortuis</span> <span class='ocrx_word' id='word_1_177' title='bbox 508 3625 698 3707; x_wconf 87' lang='lat' dir='ltr'>iacebant</span> <span class='ocrx_word' id='word_1_178' title='bbox 732 3629 769 3707; x_wconf 90' lang='lat' dir='ltr'>in</span> <span class='ocrx_word' id='word_1_179' title='bbox 798 3629 1040 3736; x_wconf 84' lang='lat' dir='ltr'>sepulchris.</span> <span class='ocrx_word' id='word_1_180' title='bbox 1058 3629 1162 3710; x_wconf 80' lang='lat' dir='ltr'>Nara</span> <span class='ocrx_word' id='word_1_181' title='bbox 1181 3628 1446 3737; x_wconf 87' lang='lat' dir='ltr'>sepulchrum</span> <span class='ocrx_word' id='word_1_182' title='bbox 1467 3633 1576 3738; x_wconf 90' lang='lat' dir='ltr'>quod</span> 
     </span>
     <span class='ocr_line' id='line_1_27' title="bbox 178 3743 1576 3860; baseline 0.006 -34"><span class='ocrx_word' id='word_1_183' title='bbox 178 3743 1576 3860; x_wconf 49' lang='lat' dir='ltr'>mmmomfflfflmmhvmmimmmhrmrhnmmfflmmm</span> 
     </span>
     <span class='ocr_line' id='line_1_28' title="bbox 176 3870 1577 3979; baseline 0.004 -29"><span class='ocrx_word' id='word_1_184' title='bbox 176 3870 1577 3979; x_wconf 56' lang='lat' dir='ltr'>rmomfflmmmlmrmmeummmsmffiumhmmumdm</span> 
     </span>
     <span class='ocr_line' id='line_1_29' title="bbox 176 3989 1578 4105; baseline 0.004 -31"><span class='ocrx_word' id='word_1_185' title='bbox 176 3989 299 4076; x_wconf 88' lang='lat' dir='ltr'>Cesar</span> <span class='ocrx_word' id='word_1_186' title='bbox 336 4019 430 4098; x_wconf 83' lang='lat' dir='ltr'>ergo</span> <span class='ocrx_word' id='word_1_187' title='bbox 473 3992 617 4074; x_wconf 89' lang='lat' dir='ltr'>ridens</span> <span class='ocrx_word' id='word_1_188' title='bbox 659 4006 719 4074; x_wconf 89' lang='lat' dir='ltr'>tot</span> <span class='ocrx_word' id='word_1_189' title='bbox 751 4011 790 4076; x_wconf 93' lang='lat' dir='ltr'>ct</span> <span class='ocrx_word' id='word_1_190' title='bbox 823 3996 945 4076; x_wconf 85' lang='lat' dir='ltr'>tantis</span> <span class='ocrx_word' id='word_1_191' title='bbox 989 3995 1181 4102; x_wconf 87' lang='lat' dir='ltr'>perieulis</span> <span class='ocrx_word' id='word_1_192' title='bbox 1214 4025 1257 4076; x_wconf 91' lang='lat' dir='ltr'>se</span> <span class='ocrx_word' id='word_1_193' title='bbox 1291 4024 1380 4078; x_wconf 86' lang='lat' dir='ltr'>csse</span> <span class='ocrx_word' id='word_1_194' title='bbox 1414 3998 1578 4105; x_wconf 90' lang='lat' dir='ltr'>perple-</span> 
     </span>
     <span class='ocr_line' id='line_1_30' title="bbox 177 4114 1577 4224; baseline 0.007 -32"><span class='ocrx_word' id='word_1_195' title='bbox 177 4142 288 4217; x_wconf 80' lang='lat' dir='ltr'>xum,</span> <span class='ocrx_word' id='word_1_196' title='bbox 323 4115 433 4195; x_wconf 91' lang='lat' dir='ltr'>misit</span> <span class='ocrx_word' id='word_1_197' title='bbox 465 4114 515 4195; x_wconf 88' lang='lat' dir='ltr'>ad</span> <span class='ocrx_word' id='word_1_198' title='bbox 556 4115 761 4196; x_wconf 59' lang='lat' dir='ltr'>indicam</span> <span class='ocrx_word' id='word_1_199' title='bbox 804 4145 942 4222; x_wconf 85' lang='lat' dir='ltr'>regem</span> <span class='ocrx_word' id='word_1_200' title='bbox 988 4131 1029 4198; x_wconf 91' lang='lat' dir='ltr'>et</span> <span class='ocrx_word' id='word_1_201' title='bbox 1060 4118 1199 4198; x_wconf 84' lang='lat' dir='ltr'>Belam</span> <span class='ocrx_word' id='word_1_202' title='bbox 1235 4119 1397 4220; x_wconf 89' lang='lat' dir='ltr'>duccru,</span> <span class='ocrx_word' id='word_1_203' title='bbox 1431 4145 1577 4224; x_wconf 88' lang='lat' dir='ltr'>rogans</span> 
     </span>
     <span class='ocr_line' id='line_1_31' title="bbox 177 4236 1576 4346; baseline 0.004 -28"><span class='ocrx_word' id='word_1_204' title='bbox 177 4247 376 4344; x_wconf 90' lang='lat' dir='ltr'>perpetue</span> <span class='ocrx_word' id='word_1_205' title='bbox 408 4236 522 4344; x_wconf 87' lang='lat' dir='ltr'>pacis</span> <span class='ocrx_word' id='word_1_206' title='bbox 542 4238 787 4318; x_wconf 81' lang='lat' dir='ltr'>firmitatem.</span> <span class='ocrx_word' id='word_1_207' title='bbox 825 4238 998 4319; x_wconf 81' lang='lat' dir='ltr'>llicehat</span> <span class='ocrx_word' id='word_1_208' title='bbox 1031 4239 1152 4340; x_wconf 90' lang='lat' dir='ltr'>enim,</span> <span class='ocrx_word' id='word_1_209' title='bbox 1188 4241 1296 4346; x_wconf 83' lang='lat' dir='ltr'>quod</span> <span class='ocrx_word' id='word_1_210' title='bbox 1331 4239 1363 4320; x_wconf 91' lang='lat' dir='ltr'>si</span> <span class='ocrx_word' id='word_1_211' title='bbox 1396 4267 1471 4322; x_wconf 86' lang='lat' dir='ltr'>rex</span> <span class='ocrx_word' id='word_1_212' title='bbox 1490 4239 1576 4323; x_wconf 85' lang='lat' dir='ltr'>An·</span> 
     </span>
     <span class='ocr_line' id='line_1_32' title="bbox 175 4357 1576 4467; baseline 0.007 -31"><span class='ocrx_word' id='word_1_213' title='bbox 175 4357 289 4440; x_wconf 88' lang='lat' dir='ltr'>dreas</span> <span class='ocrx_word' id='word_1_214' title='bbox 323 4385 514 4440; x_wconf 90' lang='lat' dir='ltr'>securum</span> <span class='ocrx_word' id='word_1_215' title='bbox 550 4359 585 4438; x_wconf 88' lang='lat' dir='ltr'>ei</span> <span class='ocrx_word' id='word_1_216' title='bbox 619 4359 694 4440; x_wconf 86' lang='lat' dir='ltr'>iter</span> <span class='ocrx_word' id='word_1_217' title='bbox 725 4362 917 4467; x_wconf 89' lang='lat' dir='ltr'>preberet</span> <span class='ocrx_word' id='word_1_218' title='bbox 949 4363 997 4442; x_wconf 90' lang='lat' dir='ltr'>ad</span> <span class='ocrx_word' id='word_1_219' title='bbox 1043 4362 1349 4464; x_wconf 84' lang='lat' dir='ltr'>reuertendum,</span> <span class='ocrx_word' id='word_1_220' title='bbox 1384 4376 1425 4443; x_wconf 92' lang='lat' dir='ltr'>et</span> <span class='ocrx_word' id='word_1_221' title='bbox 1457 4389 1576 4446; x_wconf 90' lang='lat' dir='ltr'>exer·</span> 
     </span>
     <span class='ocr_line' id='line_1_33' title="bbox 175 4481 1575 4592; baseline 0.007 -32"><span class='ocrx_word' id='word_1_222' title='bbox 175 4481 269 4562; x_wconf 86' lang='lat' dir='ltr'>citui</span> <span class='ocrx_word' id='word_1_223' title='bbox 304 4507 379 4562; x_wconf 91' lang='lat' dir='ltr'>suo</span> <span class='ocrx_word' id='word_1_224' title='bbox 411 4481 521 4561; x_wconf 77' lang='lat' dir='ltr'>lacre</span> <span class='ocrx_word' id='word_1_225' title='bbox 554 4507 750 4590; x_wconf 88' lang='lat' dir='ltr'>oppresso</span> <span class='ocrx_word' id='word_1_226' title='bbox 784 4483 967 4566; x_wconf 89' lang='lat' dir='ltr'>subsidia</span> <span class='ocrx_word' id='word_1_227' title='bbox 1000 4484 1084 4565; x_wconf 91' lang='lat' dir='ltr'>uite</span> <span class='ocrx_word' id='word_1_228' title='bbox 1118 4484 1341 4590; x_wconf 80' lang='lat' dir='ltr'>largiretur,</span> <span class='ocrx_word' id='word_1_229' title='bbox 1361 4484 1447 4592; x_wconf 91' lang='lat' dir='ltr'>ipse</span> <span class='ocrx_word' id='word_1_230' title='bbox 1469 4513 1575 4570; x_wconf 74' lang='lat' dir='ltr'>num</span> 
     </span>
     <span class='ocr_line' id='line_1_34' title="bbox 177 4603 1575 4709; baseline 0.004 -25"><span class='ocrx_word' id='word_1_231' title='bbox 177 4603 1575 4709; x_wconf 58' lang='lat' dir='ltr'>qmm.hmmcmgetsmmmmmmrmmhmmmmmnet</span> 
     </span>
     <span class='ocr_line' id='line_1_35' title="bbox 177 4725 1573 4834; baseline 0.005 -30"><span class='ocrx_word' id='word_1_232' title='bbox 177 4752 386 4834; x_wconf 87' lang='lat' dir='ltr'>nunquam</span> <span class='ocrx_word' id='word_1_233' title='bbox 421 4725 614 4806; x_wconf 84' lang='lat' dir='ltr'>ammodo</span> <span class='ocrx_word' id='word_1_234' title='bbox 648 4755 783 4832; x_wconf 83' lang='lat' dir='ltr'>regem</span> <span class='ocrx_word' id='word_1_235' title='bbox 820 4728 1096 4828; x_wconf 79' lang='lat' dir='ltr'>hungarorum</span> <span class='ocrx_word' id='word_1_236' title='bbox 1132 4729 1249 4809; x_wconf 87' lang='lat' dir='ltr'>dictis</span> <span class='ocrx_word' id='word_1_237' title='bbox 1284 4729 1346 4808; x_wconf 88' lang='lat' dir='ltr'>rcl</span> <span class='ocrx_word' id='word_1_238' title='bbox 1367 4729 1573 4812; x_wconf 87' lang='lat' dir='ltr'>factisaut</span> 
     </span>
    </p>
   </div>
   <div class='ocr_carea' id='block_1_3' title="bbox 178 4897 379 4908">
    <p class='ocr_par' dir='ltr' id='par_1_3' title="bbox 178 4897 379 4908">
     <span class='ocr_line' id='line_1_36' title="bbox 178 4897 379 4908; baseline 0 -2"><span class='ocrx_word' id='word_1_239' title='bbox 178 4897 379 4908; x_wconf 73' lang='lat'>——-.—.</span> 
     </span>
    </p>
   </div>
   <div class='ocr_carea' id='block_1_4' title="bbox 280 4981 1468 5182">
    <p class='ocr_par' dir='ltr' id='par_1_4' title="bbox 280 4981 1468 5182">
     <span class='ocr_line' id='line_1_37' title="bbox 280 4981 1440 5088; baseline 0.003 -29"><span class='ocrx_word' id='word_1_240' title='bbox 280 4982 305 5087; x_wconf 83' lang='lat'>¹)</span> <span class='ocrx_word' id='word_1_241' title='bbox 335 4984 498 5080; x_wconf 82' lang='lat' dir='ltr'>cognatis</span> <span class='ocrx_word' id='word_1_242' title='bbox 531 4987 610 5059; x_wconf 78' lang='lat' dir='ltr'>dod.</span> <span class='ocrx_word' id='word_1_243' title='bbox 642 4981 669 5080; x_wconf 78' lang='lat'>¹)</span> <span class='ocrx_word' id='word_1_244' title='bbox 699 4985 935 5084; x_wconf 80' lang='lat' dir='ltr'>parupilioues.</span> <span class='ocrx_word' id='word_1_245' title='bbox 966 4989 1045 5062; x_wconf 82' lang='lat' dir='ltr'>(hd.</span> <span class='ocrx_word' id='word_1_246' title='bbox 1077 4985 1107 5088; x_wconf 68' lang='grc'>3)</span> <span class='ocrx_word' id='word_1_247' title='bbox 1137 4987 1170 5061; x_wconf 92' lang='lat' dir='ltr'>in</span> <span class='ocrx_word' id='word_1_248' title='bbox 1200 4989 1265 5062; x_wconf 87' lang='lat' dir='ltr'>die.</span> <span class='ocrx_word' id='word_1_249' title='bbox 1297 4989 1372 5061; x_wconf 87' lang='lat' dir='ltr'>add.</span> <span class='ocrx_word' id='word_1_250' title='bbox 1403 4991 1440 5062; x_wconf 88' lang='lat' dir='ltr'>T.</span> 
     </span>
     <span class='ocr_line' id='line_1_38' title="bbox 702 5125 1468 5182; baseline 0.007 -5"><span class='ocrx_word' id='word_1_251' title='bbox 702 5129 709 5142; x_wconf 89' lang='lat'>&#39;</span> <span class='ocrx_word' id='word_1_252' title='bbox 1434 5125 1468 5182; x_wconf 73' lang='lat'>21</span> 
     </span>
    </p>
   </div>
   <div class='ocr_carea' id='block_1_5' title="bbox 0 0 1952 5749">
    <p class='ocr_par' dir='ltr' id='par_1_5' title="bbox 0 0 1952 5749">
     <span class='ocr_line' id='line_1_39' title="bbox 0 0 1952 5749; baseline 0 0"><span class='ocrx_word' id='word_1_253' title='bbox 0 0 1952 5749; x_wconf 95' lang='lat' dir='ltr'> </span> 
     </span>
    </p>
   </div>
  </div>
 </body>
</html>
