3898 5752
976 478 1129 582 ...232

354 696 538 770 ducibus
566 700 604 769 ut
630 694 666 767 in
694 693 843 788 gestis
871 692 1395 786 Huagarorrrmlegebatur;
1425 697 1459 766 et
1479 691 1683 766 desiderium
1703 715 1750 766 re·

351 818 476 913 liquias
505 817 671 891 maiorum
700 837 838 890 suornm
868 814 909 888 ad
939 814 1140 908 religionem
1168 813 1390 888 christianam
1418 813 1650 888 convertendi.

509 957 558 1031 De
588 956 698 1050 primo
726 956 790 1029 hoo
818 955 859 1028 ad
889 953 1098 1047 quaerendas
1127 953 1260 1046 priscas
1288 955 1534 1048 Hungarorum
1567 953 1666 1027 sedes
1704 954 1751 1026 in-

354 1081 478 1157 stituto
505 1080 630 1153 itinere
657 1079 802 1152 Fratres
832 1075 889 1170 qui
919 1076 1092 1149 redierant
1111 1077 1191 1149 Otto
1220 1084 1254 1148 et
1273 1075 1434 1150 Julianus
1454 1075 1680 1164 narrarerint‚
1702 1075 1751 1148 rel

353 1201 630 1298 perscripserint,
662 1221 747 1293 quae
776 1199 913 1292 experti
942 1203 1050 1272 erant.
1080 1197 1173 1271 Haeo
1201 1200 1313 1270 tamen
1353 1195 1474 1271 relatio
1511 1201 1658 1270 aetatem
1686 1217 1752 1271 non

354 1326 445 1415 tulit,
476 1324 535 1398 sed
563 1321 677 1395 breuis
706 1325 838 1395 tantum
883 1321 957 1396 eius
994 1322 1036 1394 ab
1078 1319 1197 1413 ignoto
1238 1317 1374 1392 homine
1415 1320 1566 1393 conlecta
1609 1317 1753 1412 epitome

354 1449 522 1542 superest,
553 1465 653 1537 quam
681 1465 699 1515 e
727 1443 842 1516 oodiee
870 1442 1035 1516 Vaticano
1065 1440 1273 1532 descriptam
1296 1439 1386 1514 doati
1415 1438 1481 1513 riri
1509 1461 1612 1534 saepe
1640 1439 1751 1514 edide-

353 1575 444 1644 runt.
474 1566 560 1642 Vide
587 1565 621 1640 O.
652 1566 681 1636 D
723 1565 783 1638 IV.
817 1571 849 1639 1.
880 1565 1030 1639 50--57
1061 1569 1096 1638 et
1122 1561 1222 1636 Flndl.
1253 1562 1343 1635 Mon.
1374 1563 1565 1636 aea-54.

509 1689 657 1781 Tempus
678 1685 830 1760 instituti
850 1685 986 1760 itineris
1005 1687 1046 1760 ab
1063 1685 1222 1760 Alberioo
1243 1684 1406 1758 monaoho
1421 1683 1462 1757 ad
1482 1707 1610 1760 annum
1627 1683 1752 1761 Christi

357 1813 454 1888 1237
485 1808 636 1906 ponitur.
672 1809 824 1895 „Rumor
852 1812 925 1882 erat
948 1809 1041 1882 nune
1068 1808 1231 1901 populum
1262 1811 1467 1881 tartarorum
1496 1807 1530 1881 in
1560 1807 1752 1882 Comaniam

354 1939 388 2009 et
416 1931 628 2027 Hungariam
657 1931 743 2004 uelle
771 1929 905 2018 renim3
936 1930 996 2003 sed
1023 1933 1138 2003 utrum
1165 1931 1229 2005 hoo
1256 1952 1372 2004 rerum
1401 1929 1458 2020 sit,
1480 1929 1576 2004 missi
1606 1935 1688 2005 sunt
1712 1931 1752 2004 de

353 2055 532 2151 Hungaria
565 2059 709 2148 quatuor
737 2053 879 2126 Fratres
906 2051 1176 2127 Praedicatores.
1206 2051 1263 2145 qui
1292 2075 1399 2146 usqne
1436 2056 1584 2126 ueterem
1612 2053 1752 2148 Hunga·

354 2178 439 2253 riam
467 2199 527 2272 per
555 2178 691 2250 eentum
727 2173 799 2247 dies
836 2173 984 2248 inerunt.
1027 2173 1157 2268 Quibus
1191 2174 1338 2248 reuersis
1377 2173 1635 2260 nunciaverunt,
1667 2175 1752 2268 quod

354 2299 475 2374 tartari
503 2297 570 2372 iam
598 2302 746 2371 ueterem
774 2295 989 2389 Hungariam
1014 2300 1273 2389 occupauerant,
1303 2299 1337 2368 et
1365 2320 1446 2370 suae
1480 2295 1602 2370 ditioni
1642 2297 1752 2372 subie-

354 2427 505 2496 oerantss‘
538 2418 658 2494 Leibn.
688 2417 805 2493 doces.
836 2418 918 2492 hist.
948 2420 996 2492 II.
1027 2422 1116 2493 564.

510 2543 594 2616 Post
622 2540 879 2615 Praedicatores
907 2538 1005 2613 missi
1034 2540 1184 2614 suntad
1215 2544 1364 2614 tartaros
1392 2542 1434 2614 ab
1464 2541 1668 2616 InnocentIo
1696 2542 1754 2615 Ill.

354 2664 460 2760 legati
487 2665 628 2738 Fratres
657 2685 698 2736 ex
726 2660 852 2738 Ordine
881 2660 1062 2749 Minorem,
1093 2661 1269 2735 lohannes
1297 2661 1338 2734 de
1366 2662 1474 2736 Plano
1504 2657 1650 2756 Carpini
1683 2685 1755 2738 oum

354 2786 473 2874 soeiis;
503 2785 560 2878 qui
588 2784 679 2858 inter
702 2781 896 2878 prouincias
915 2805 977 2876 per
997 2784 1146 2856 tartaros
1166 2782 1382 2877 subiugatos,
1405 2783 1637 2858 meminerunt
1656 2783 1756 2860 etiam

354 2907 551 3003 Hungariae
581 2929 730 3001 maguae,
763 2906 834 2980 sire
862 2909 973 2978 terrae
1001 2905 1156 2978 Baseart.
1199 2903 1306 2991 „Inde
1338 2906 1564 2998 procedentes
1592 2907 1635 2980 ad
1663 2906 1756 3002 aqui·

350 3033 462 3105 lonem
490 3028 610 3116 adhue,
640 3032 758 3103 eontra
785 3030 940 3106 Basaart.
964 3026 1029 3100 hoa
1058 3030 1112 3100 est
1140 3026 1361 3121 Hungariam
1388 3049 1557 3122 magnam,
1578 3051 1636 3103 eos
1656 3029 1758 3104 etiam

351 3152 547 3229 deriserunt
589 3191 636 3204 -
663 3151 846 3225 Terrarum
875 3148 1021 3234 nomina,
1053 3169 1136 3242 quos
1175 3146 1298 3224 tartari
1336 3147 1503 3238 uicerunt,
1533 3154 1618 3224 sunt
1653 3152 1756 3226 haee:

351 3278 476 3370 Kytay,
510 3272 680 3360 domania,
718 3269 954 3356 Ferramenta,
994 3269 1110 3365 Byleri
1149 3293 1273 3366 magna
1312 3273 1489 3367 Bulgaria,
1528 3274 1758 3349 Basohare

354 3420 508 3494 magna
535 3395 776 3489 Hunguria.
812 3436 854 3450 ·--
885 3394 978 3466 Haeo
1007 3391 1168 3467 Oomania
1196 3395 1238 3466 ab
1266 3393 1426 3486 aquilone
1455 3393 1653 3469 immediate
1681 3407 1758 3490 post

352 3520 510 3598 nussiam
539 3519 643 3592 habet
671 3517 887 3612 Mardupnos
917 3515 1071 3609 Bpleros.
1102 3513 1136 3588 id
1156 3517 1209 3588 ost
1229 3537 1385 3609 magnam
1406 3517 1615 3612 Belgarum,
1646 3519 1754 3593 Bas·

357 3649 514 3730 tereos,
544 3640 579 3714 id
607 3643 660 3712 est
689 3659 878 3731 magnam
905 3634 1183 3732 Hungariam
1229 3637 1312 3711 Post
1340 3639 1535 3726 Bastaroos
1566 3639 1755 3728 Parasitus,

356 3767 590 3858 Samogetas.“
622 3761 657 3835 O.
687 3759 729 3833 D.
759 3759 818 3833 lll.
853 3759 882 3830 l.
912 3759 1133 3833 ear-133.

511 3883 632 3958 donus
668 3880 768 3955 huius
802 3878 984 3976 legationis
1021 3901 1065 3953 ex
1092 3878 1209 3953 eodem
1237 3878 1397 3956 Alberioo
1432 3885 1553 3957 notus:
1595 3883 1654 3972 ‚si
1683 3883 1757 3978 quis

356 4011 469 4082 autem
496 4006 617 4080 horum
646 4007 852 4077 tartarorum
881 4005 1008 4075 terram
1035 4004 1070 4073 et
1097 3999 1275 4095 originem,
1305 4024 1414 4096 genus
1452 4007 1486 4077 et
1520 4025 1633 4078 mores
1673 4005 1758 4080 seire

357 4127 493 4224 plenius
521 4126 704 4202 desiderat.
734 4126 826 4219 legat
853 4120 1038 4197 historiam
1067 4144 1153 4216 quae
1174 4121 1373 4197 intitulatur
1393 4128 1612 4216 tartarorum,
1634 4125 1759 4200 editam

356 4251 525 4325 aFratre
552 4249 686 4323 loanne
718 4247 759 4320 de
796 4245 930 4321 Palatio
968 4241 1106 4337 Oarpini
1143 4243 1281 4318 Ordinis
1315 4246 1476 4318 Fratrum
1513 4247 1682 4322 minorum
1719 4249 1759 4322 ab

357 4370 544 4467 apostoliea
572 4369 651 4443 sede
678 4369 720 4442 ad
750 4371 865 4461 partes
893 4365 972 4440 illas
1000 4364 1171 4441 destinato
1191 4365 1227 4442 in
1246 4389 1335 4442 anno
1356 4366 1492 4447 Domini
1516 4369 1755 4444 MOOXLVL‘

357 4517 391 4588 p.
426 4493 513 4570 572.

513 4611 630 4686 Tertia
657 4611 697 4685 ad
727 4633 785 4686 eas
814 4609 972 4706 regiones
1001 4609 1168 4704 protectio
1197 4608 1263 4685 luit
1276 4608 1413 4684 Fratris
1433 4611 1599 4686 Willelmi
1629 4613 1670 4688 do
1691 4615 1759 4688 Ru·

359 4733 503 4830 bruquie
531 4732 669 4808 Ordinis
698 4731 880 4817 llinomm
908 4731 1004 4807 euius
1040 4731 1318 4807 commentarium
1353 4733 1525 4810 Ludouioo
1559 4735 1650 4808 Ill-o
1689 4735 1758 4830 regi

359 4858 512 4932 oblatum
541 4860 655 4930 exstat
682 4861 717 4928 et
743 4854 872 4949 legitur
900 4852 937 4927 in
964 4853 1078 4927 oodioe
1106 4853 1325 4948 diplomatico
1353 4855 1564 4950 Hungariae.
1599 4857 1667 4932 Hie
1694 4857 1758 4932 iam

360 4976 456 5076 regio
484 4975 543 5052 illa
571 4999 672 5071 saepe
700 4980 885 5052 memorata
913 4975 1067 5050 Pascatir
1096 4975 1280 5050 scribitur:
1319 4977 1391 5066 „De
1420 4977 1548 5052 Russia
1576 4979 1617 5052 de
1646 4979 1758 5058 lloxel
