1190 1585
640 196 672 213 190

303 258 380 277 ensem,
401 251 461 272 cuius
481 250 572 272 consiliis
592 251 704 278 imperator
723 250 836 278 plurimum
861 248 1003 278 ascultabat,¹)

304 281 365 303 simul
382 281 443 302 etiam
464 288 537 302 omnes
558 281 622 302 duces
641 281 814 307 theutonicorum,
838 281 961 308 pmmittens
976 281 1005 302 eis

303 313 390 333 multam
407 312 517 339 pecuniam
534 312 550 332 si
567 312 712 339 imperatorem
729 312 805 332 reuerti
820 312 918 332 facerent.
942 312 1005 332 Patri-

303 343 364 363 arche
379 342 441 369 igitur
457 346 477 363 et
493 342 557 363 duces
573 343 694 363 muneribus
703 342 771 367 illecti,
785 346 806 363 et
814 343 857 363 auri
867 349 936 363 amore
945 342 1005 369 capti,

303 373 424 400 satagebant
439 373 501 393 uariis
517 373 620 399 figmentis
637 373 734 393 inducere
751 373 895 400 imperatorem
905 376 1005 393 utreuer-

302 408 385 424 ιρι-ρων.
401 403 518 424 Patriareha
533 404 588 424 enim
605 403 666 423 finxit
681 410 703 424 se
720 403 796 424 uidisse
813 403 1005 430 soinpniu1n‚cuius

304 435 423 455 coniectura
439 434 605 454 manifestissime
622 437 687 454 totum
705 434 820 454 exercitum
837 434 966 461 imperatoris
976 434 1005 454 di-

304 466 353 486 uina
369 464 450 485 ulcione
467 465 587 491 periturum,
605 464 643 485 nisi
659 465 784 491 quamcitius
800 468 944 485 reuerteretur.
965 464 1003 485 Sed

304 500 325 516 et
341 496 404 516 duces
419 495 526 515 finxerunt
541 495 634 515 similiter
650 502 672 515 se
688 495 787 516 diuinitus
807 494 932 522 attonitos.²)
953 494 1005 515 Con-

304 526 485 553 querebanturque
502 526 619 552 imperaton·
636 525 706 546 nescio
723 526 771 552 quid
788 524 888 552 opinari³)
906 525 954 546 mali
968 525 1004 546 im-

304 557 388 582 minere,
404 556 420 577 si
437 562 478 576 non
494 556 535 576 cito
551 560 709 577 reuerterentur.
726 556 825 583 Sequenti
838 563 888 577 uero
899 556 1004 576 noetedu-

304 594 339 608 ees
357 586 522 607 theutonicorum
544 587 687 607 instruxerunt
707 587 807 613 quosdam
829 590 908 607 astutos
932 586 1004 607 milites

304 625 358 643 suos,
375 620 398 637 ut
414 617 452 644 ipsi
469 617 607 642 uociferando,
629 621 650 638 et
665 617 742 644 clipeos
762 624 810 638 suos
826 617 943 637 alternatim
959 624 1003 644 per-

304 647 405 668 cueiendo
421 647 546 668 sedicionem
564 651 629 668 ortam
646 647 666 668 iu
684 647 777 668 exercitu
798 648 925 668 simularent.
946 647 1003 671 Quod

304 686 351 699 cnm
368 678 465 698 fecissent
486 678 566 705 milites,
588 685 676 705 magnus
697 678 767 698 horror
788 678 846 698 irruit
861 685 925 705 super
941 678 1003 705 impe-

303 713 397 733 ratorem,
415 712 436 728 et
451 708 572 729 uniuersum
590 708 705 729 exereitum
722 709 837 735 excogitate
855 709 932 729 fraudis
948 712 969 729 et
978 708 1003 729 si-

303 739 421 760 mulationis
437 738 532 759 inscium.
556 739 631 760 Factus
653 743 685 760 est
700 739 770 766 itaque
787 742 829 759 tota
846 742 906 759 noete
922 739 958 759 illa
972 743 1003 759 tu-

303 770 381 790 multus
397 776 485 796 magnus
501 769 521 789 in
538 770 616 790 castris.
637 769 697 790 Mane
719 773 788 790 antem
811 770 865 790 facto
881 769 1003 790 conuocauit

303 801 414 827 imperator
429 800 565 827 patriarcham
583 803 604 820 et
619 800 683 821 (luces
699 800 720 821 in
737 800 851 826 consilium⁷
868 803 892 821 ut
904 800 1002 821 delibera-

303 836 348 851 rent
364 830 463 857 quidnam
480 831 528 858 (91)
545 835 600 851 esset
615 831 725 858 agendum.
742 831 858 851 Patriarcha
874 837 922 857 ergo
936 834 957 851 et
967 830 1003 851 du-

303 869 337 882 ces
354 861 442 888 pecunia
462 861 553 888 corrupti
573 861 640 882 modis
661 862 758 882 omnibus
778 862 927 882 consuluerunt
948 861 967 881 ei
982 864 1003 881 ut

303 895 446 912 renel-teretur.
470 891 533 912 Cesar
548 894 618 912 autem
635 892 722 919 ingeniis
742 892 849 918 deceptus,
865 892 966 912 simulans
982 898 1003 912 se

303 922 407 943 Salomoni
423 922 443 942 in
459 925 565 949 posterum
582 922 736 948 auxiliaturum,
753 922 862 943 destructis
878 922 968 943 nauibus
984 922 1003 942 in

303 952 437 973 Theutoniam
455 956 487 973 est
502 959 604 973 reuersus.

517 1013 569 1034 LXI.
586 1012 658 1039 Fugit
671 1012 786 1033 momen.

380 1075 409 1095 At
424 1081 461 1095 rex
477 1074 574 1095 Salomon
590 1081 628 1102 spe
640 1075 746 1095 fraudatus
760 1075 905 1101 gemebundus
921 1081 946 1095 ac
962 1081 1002 1095 me-

303 1109 347 1126 stus
363 1105 445 1131 collegit
460 1112 482 1126 se
498 1105 519 1125 in
536 1105 609 1126 Poson.
631 1105 816 1132 Cont'ortatumqne
833 1109 864 1126 est
880 1112 967 1132 regnum
983 1105 1002 1124 in

303 1142 367 1156 manu
383 1135 450 1162 Geyse
466 1135 525 1162 regis,
542 1139 563 1156 et
578 1142 606 1156 ex
623 1142 647 1156 eo
663 1139 756 1163 tempore
773 1139 860 1156 uocatus
870 1139 902 1156 est
917 1142 1002 1162 magnus

304 1174 346 1187 rex.
363 1165 511 1193 Dueatumque
532 1166 589 1186 dedit
608 1166 665 1187 fratri
685 1173 723 1187 suo
742 1166 843 1187 Ladizlao.
868 1166 919 1187 Dux
935 1170 1001 1187 autem

303 1196 410 1217 Ladizlaus
427 1197 508 1217 obsedit
524 1200 614 1217 castrum
623 1197 690 1217 Poson
699 1197 769 1217 multis
781 1197 861 1217 diebus.
872 1197 947 1217 Milites
955 1202 1000 1216 vero

303 1227 418 1248 Salomonis
434 1227 460 1248 de
476 1231 543 1248 castro
559 1227 663 1253 exiebant,
685 1231 707 1247 et
727 1234 774 1248 cum
795 1227 895 1248 militibus
916 1226 999 1248 Ladizlai

303 1258 442 1279 decertabant.
458 1258 555 1279 Salomon
571 1261 642 1278 autem
659 1261 680 1278 et
695 1258 801 1279 Ladizlaus
818 1258 930 1285 aliquando
946 1257 999 1278 exie-

358 1322 369 1348 ’)
383 1322 496 1341 auscultabat.
511 1323 531 1341 Τ.
547 1320 560 1347 ¹)
574 1322 664 1341 amonitos.
680 1322 694 1348 ³)
708 1322 798 1347 inopinati.
