<?xml version="1.0" encoding="UTF-8"?>
<!DOCTYPE html PUBLIC "-//W3C//DTD XHTML 1.0 Transitional//EN"
    "http://www.w3.org/TR/xhtml1/DTD/xhtml1-transitional.dtd">
<html xmlns="http://www.w3.org/1999/xhtml" xml:lang="en" lang="en">
 <head>
  <title>
</title>
<meta http-equiv="Content-Type" content="text/html;charset=utf-8" />
  <meta name='ocr-system' content='tesseract 3.04.00' />
  <meta name='ocr-capabilities' content='ocr_page ocr_carea ocr_par ocr_line ocrx_word'/>
</head>
<body>
  <div class='ocr_page' id='page_1' title='image "./chronicahungaro00florgoog_0263.png"; bbox 0 0 3898 5752; ppageno 0'>
   <div class='ocr_carea' id='block_1_1' title="bbox 935 443 1090 544">
    <p class='ocr_par' dir='ltr' id='par_1_1' title="bbox 935 443 1090 544">
     <span class='ocr_line' id='line_1_1' title="bbox 935 443 1090 544; baseline 0 -35"><span class='ocrx_word' id='word_1_1' title='bbox 935 443 1090 544; x_wconf 45' lang='lat' dir='ltr'>ps—</span> 
     </span>
    </p>
   </div>
   <div class='ocr_carea' id='block_1_2' title="bbox 310 654 1725 1009">
    <p class='ocr_par' dir='ltr' id='par_1_2' title="bbox 310 654 1725 1009">
     <span class='ocr_line' id='line_1_2' title="bbox 313 654 1725 765; baseline -0.001 -30"><span class='ocrx_word' id='word_1_2' title='bbox 313 654 488 762; x_wconf 81' lang='lat' dir='ltr'>plurime</span> <span class='ocrx_word' id='word_1_3' title='bbox 532 656 663 763; x_wconf 81' lang='lat' dir='ltr'>posite</span> <span class='ocrx_word' id='word_1_4' title='bbox 706 672 1027 758; x_wconf 77' lang='lat' dir='ltr'>coaceruantur3</span> <span class='ocrx_word' id='word_1_5' title='bbox 1069 657 1180 765; x_wconf 89' lang='lat' dir='ltr'>quod</span> <span class='ocrx_word' id='word_1_6' title='bbox 1223 681 1346 738; x_wconf 82' lang='lat' dir='ltr'>nenio</span> <span class='ocrx_word' id='word_1_7' title='bbox 1379 655 1541 737; x_wconf 87' lang='lat' dir='ltr'>dubitat</span> <span class='ocrx_word' id='word_1_8' title='bbox 1573 681 1725 736; x_wconf 88' lang='lat' dir='ltr'>eorum</span> 
     </span>
     <span class='ocr_line' id='line_1_3' title="bbox 311 777 1724 862; baseline 0 -6"><span class='ocrx_word' id='word_1_9' title='bbox 311 777 466 860; x_wconf 85' lang='lat' dir='ltr'>meritis</span> <span class='ocrx_word' id='word_1_10' title='bbox 507 780 765 862; x_wconf 76' lang='lat' dir='ltr'><strong>remansisse.</strong></span> <span class='ocrx_word' id='word_1_11' title='bbox 814 777 893 859; x_wconf 86' lang='lat' dir='ltr'>Sed</span> <span class='ocrx_word' id='word_1_12' title='bbox 936 779 1226 862; x_wconf 75' lang='lat' dir='ltr'>nichilominus</span> <span class='ocrx_word' id='word_1_13' title='bbox 1276 777 1451 860; x_wconf 83' lang='lat' dir='ltr'>eandem</span> <span class='ocrx_word' id='word_1_14' title='bbox 1496 777 1724 858; x_wconf 85' lang='lat' dir='ltr'>ecclesiam</span> 
     </span>
     <span class='ocr_line' id='line_1_4' title="bbox 310 899 988 1009; baseline 0.004 -29"><span class='ocrx_word' id='word_1_15' title='bbox 310 912 454 1006; x_wconf 85' lang='lat' dir='ltr'>postca</span> <span class='ocrx_word' id='word_1_16' title='bbox 485 899 632 982; x_wconf 81' lang='lat' dir='ltr'>iteruin</span> <span class='ocrx_word' id='word_1_17' title='bbox 668 902 840 1009; x_wconf 87' lang='lat' dir='ltr'>phnnbo</span> <span class='ocrx_word' id='word_1_18' title='bbox 873 903 988 983; x_wconf 84' lang='lat' dir='ltr'>texit.</span> 
     </span>
    </p>
   </div>
   <div class='ocr_carea' id='block_1_3' title="bbox 676 1157 1353 1244">
    <p class='ocr_par' dir='ltr' id='par_1_3' title="bbox 676 1157 1353 1244">
     <span class='ocr_line' id='line_1_5' title="bbox 676 1157 1353 1244; baseline -0.006 -1"><span class='ocrx_word' id='word_1_19' title='bbox 676 1161 737 1244; x_wconf 84' lang='lat' dir='ltr'>Ol.</span> <span class='ocrx_word' id='word_1_20' title='bbox 773 1157 988 1240; x_wconf 77' lang='lat' dir='ltr'>Andreas</span> <span class='ocrx_word' id='word_1_21' title='bbox 1015 1158 1109 1240; x_wconf 83' lang='lat' dir='ltr'>dux</span> <span class='ocrx_word' id='word_1_22' title='bbox 1134 1160 1353 1240; x_wconf 73' lang='lat' dir='ltr'>nascitur.</span> 
     </span>
    </p>
   </div>
   <div class='ocr_carea' id='block_1_4' title="bbox 232 1389 1723 1621">
    <p class='ocr_par' dir='ltr' id='par_1_4' title="bbox 232 1389 1723 1621">
     <span class='ocr_line' id='line_1_6' title="bbox 465 1389 1723 1498; baseline 0 -30"><span class='ocrx_word' id='word_1_23' title='bbox 465 1389 621 1469; x_wconf 82' lang='lat' dir='ltr'>Eodem</span> <span class='ocrx_word' id='word_1_24' title='bbox 657 1417 764 1472; x_wconf 68' lang='lat' dir='ltr'>sinuo</span> <span class='ocrx_word' id='word_1_25' title='bbox 798 1392 838 1470; x_wconf 86' lang='lat' dir='ltr'>io</span> <span class='ocrx_word' id='word_1_26' title='bbox 871 1395 976 1473; x_wconf 81' lang='lat' dir='ltr'>festo</span> <span class='ocrx_word' id='word_1_27' title='bbox 1019 1393 1148 1474; x_wconf 82' lang='lat' dir='ltr'>sancti</span> <span class='ocrx_word' id='word_1_28' title='bbox 1189 1391 1353 1472; x_wconf 82' lang='lat' dir='ltr'>Andros</span> <span class='ocrx_word' id='word_1_29' title='bbox 1387 1389 1560 1498; x_wconf 85' lang='lat' dir='ltr'>apostoli</span> <span class='ocrx_word' id='word_1_30' title='bbox 1593 1401 1723 1469; x_wconf 86' lang='lat' dir='ltr'>natus</span> 
     </span>
     <span class='ocr_line' id='line_1_7' title="bbox 232 1511 1269 1621; baseline 0.002 -30"><span class='ocrx_word' id='word_1_31' title='bbox 232 1595 235 1600; x_wconf 74' lang='grc'>,</span> <span class='ocrx_word' id='word_1_32' title='bbox 312 1523 373 1592; x_wconf 88' lang='lat' dir='ltr'>est</span> <span class='ocrx_word' id='word_1_33' title='bbox 406 1511 443 1590; x_wconf 86' lang='lat' dir='ltr'>ci</span> <span class='ocrx_word' id='word_1_34' title='bbox 474 1511 594 1614; x_wconf 66' lang='lat' dir='ltr'>filius</span> <span class='ocrx_word' id='word_1_35' title='bbox 630 1539 753 1620; x_wconf 82' lang='lat' dir='ltr'>quein</span> <span class='ocrx_word' id='word_1_36' title='bbox 789 1514 995 1594; x_wconf 74' lang='lat' dir='ltr'>,lnrlrcain</span> <span class='ocrx_word' id='word_1_37' title='bbox 1031 1514 1269 1621; x_wconf 80' lang='lat' dir='ltr'>appellauit.</span> 
     </span>
    </p>
   </div>
   <div class='ocr_carea' id='block_1_5' title="bbox 263 1665 1721 2106">
    <p class='ocr_par' dir='ltr' id='par_1_5' title="bbox 263 1665 1721 2106">
     <span class='ocr_line' id='line_1_8' title="bbox 470 1665 1720 1763; baseline -0.002 -24"><span class='ocrx_word' id='word_1_38' title='bbox 470 1665 660 1740; x_wconf 81' lang='lat' dir='ltr'>Chronicon</span> <span class='ocrx_word' id='word_1_39' title='bbox 690 1667 890 1760; x_wconf 81' lang='lat' dir='ltr'>acephalum</span> <span class='ocrx_word' id='word_1_40' title='bbox 918 1669 1115 1742; x_wconf 80' lang='lat' dir='ltr'>continual:</span> <span class='ocrx_word' id='word_1_41' title='bbox 1149 1669 1278 1763; x_wconf 82' lang='lat' dir='ltr'>„Anno</span> <span class='ocrx_word' id='word_1_42' title='bbox 1307 1668 1434 1742; x_wconf 85' lang='lat' dir='ltr'>domini</span> <span class='ocrx_word' id='word_1_43' title='bbox 1463 1667 1720 1741; x_wconf 77' lang='lat' dir='ltr'>Mooexxlx.</span> 
     </span>
     <span class='ocr_line' id='line_1_9' title="bbox 310 1787 1721 1884; baseline 0.002 -27"><span class='ocrx_word' id='word_1_44' title='bbox 310 1789 468 1862; x_wconf 81' lang='lat' dir='ltr'>mortuus</span> <span class='ocrx_word' id='word_1_45' title='bbox 499 1791 552 1862; x_wconf 85' lang='lat' dir='ltr'>cst</span> <span class='ocrx_word' id='word_1_46' title='bbox 579 1787 763 1864; x_wconf 80' lang='lat' dir='ltr'>Lulizlaus</span> <span class='ocrx_word' id='word_1_47' title='bbox 792 1789 883 1863; x_wconf 88' lang='lat' dir='ltr'>lilius</span> <span class='ocrx_word' id='word_1_48' title='bbox 912 1789 996 1881; x_wconf 85' lang='lat' dir='ltr'>eius,</span> <span class='ocrx_word' id='word_1_49' title='bbox 1026 1795 1060 1864; x_wconf 87' lang='lat' dir='ltr'>ot</span> <span class='ocrx_word' id='word_1_50' title='bbox 1087 1791 1122 1864; x_wconf 86' lang='lat' dir='ltr'>in</span> <span class='ocrx_word' id='word_1_51' title='bbox 1152 1790 1243 1864; x_wconf 77' lang='lat' dir='ltr'>Alba</span> <span class='ocrx_word' id='word_1_52' title='bbox 1273 1795 1362 1864; x_wconf 83' lang='lat' dir='ltr'>terre</span> <span class='ocrx_word' id='word_1_53' title='bbox 1389 1788 1520 1884; x_wconf 74' lang='lat' dir='ltr'>granno</span> <span class='ocrx_word' id='word_1_54' title='bbox 1548 1810 1721 1862; x_wconf 85' lang='lat' dir='ltr'>commen-</span> 
     </span>
     <span class='ocr_line' id='line_1_10' title="bbox 263 1909 1719 2005; baseline 0 -24"><span class='ocrx_word' id='word_1_55' title='bbox 263 1983 264 1990; x_wconf 15' lang='lat'><em>*</em></span> <span class='ocrx_word' id='word_1_56' title='bbox 310 1909 446 1982; x_wconf 82' lang='lat' dir='ltr'>datur.“</span> <span class='ocrx_word' id='word_1_57' title='bbox 493 1909 690 2004; x_wconf 85' lang='lat' dir='ltr'>Inseritque</span> <span class='ocrx_word' id='word_1_58' title='bbox 719 1911 759 1983; x_wconf 86' lang='lat' dir='ltr'>de</span> <span class='ocrx_word' id='word_1_59' title='bbox 787 1912 1045 2005; x_wconf 77' lang='lat' dir='ltr'>archiepiscopo</span> <span class='ocrx_word' id='word_1_60' title='bbox 1076 1912 1272 1987; x_wconf 81' lang='lat' dir='ltr'>Ghonadino</span> <span class='ocrx_word' id='word_1_61' title='bbox 1302 1913 1467 1986; x_wconf 82' lang='lat' dir='ltr'>nonnulla</span> <span class='ocrx_word' id='word_1_62' title='bbox 1508 1911 1543 1985; x_wconf 90' lang='lat' dir='ltr'>in</span> <span class='ocrx_word' id='word_1_63' title='bbox 1589 1909 1719 1984; x_wconf 83' lang='lat' dir='ltr'>celeris</span> 
     </span>
     <span class='ocr_line' id='line_1_11' title="bbox 309 2030 721 2106; baseline 0 0"><span class='ocrx_word' id='word_1_64' title='bbox 309 2030 482 2106; x_wconf 87' lang='lat' dir='ltr'>chronicis</span> <span class='ocrx_word' id='word_1_65' title='bbox 515 2031 721 2106; x_wconf 84' lang='lat' dir='ltr'>desiderata.</span> 
     </span>
    </p>
   </div>
   <div class='ocr_carea' id='block_1_6' title="bbox 591 2263 1434 2368">
    <p class='ocr_par' dir='ltr' id='par_1_6' title="bbox 591 2263 1434 2368">
     <span class='ocr_line' id='line_1_12' title="bbox 591 2263 1434 2368; baseline -0.002 -24"><span class='ocrx_word' id='word_1_66' title='bbox 591 2263 659 2344; x_wconf 90' lang='lat' dir='ltr'>Dc</span> <span class='ocrx_word' id='word_1_67' title='bbox 691 2265 1088 2368; x_wconf 68' lang='lat' dir='ltr'>archiepiscopo</span> <span class='ocrx_word' id='word_1_68' title='bbox 1126 2264 1434 2345; x_wconf 79' lang='lat' dir='ltr'>Cbunadino.</span> 
     </span>
    </p>
   </div>
   <div class='ocr_carea' id='block_1_7' title="bbox 299 2489 1718 4675">
    <p class='ocr_par' dir='ltr' id='par_1_7' title="bbox 299 2489 1718 4675">
     <span class='ocr_line' id='line_1_13' title="bbox 466 2489 1718 2594; baseline 0 -25"><span class='ocrx_word' id='word_1_69' title='bbox 466 2489 616 2569; x_wconf 86' lang='lat' dir='ltr'>Eodern</span> <span class='ocrx_word' id='word_1_70' title='bbox 648 2517 748 2570; x_wconf 76' lang='lat' dir='ltr'>aretio</span> <span class='ocrx_word' id='word_1_71' title='bbox 782 2491 957 2571; x_wconf 83' lang='lat' dir='ltr'>donninrs</span> <span class='ocrx_word' id='word_1_72' title='bbox 1002 2489 1248 2572; x_wconf 75' lang='lat' dir='ltr'>Cleanudinus</span> <span class='ocrx_word' id='word_1_73' title='bbox 1290 2494 1484 2594; x_wconf 86' lang='lat' dir='ltr'>episcopus</span> <span class='ocrx_word' id='word_1_74' title='bbox 1529 2492 1718 2594; x_wconf 76' lang='lat' dir='ltr'>apriensis</span> 
     </span>
     <span class='ocr_line' id='line_1_14' title="bbox 299 2609 1715 2722; baseline 0.001 -31"><span class='ocrx_word' id='word_1_75' title='bbox 299 2612 414 2720; x_wconf 83' lang='lat' dir='ltr'>filius</span> <span class='ocrx_word' id='word_1_76' title='bbox 446 2615 589 2691; x_wconf 76' lang='lat' dir='ltr'>consitis</span> <span class='ocrx_word' id='word_1_77' title='bbox 625 2611 762 2692; x_wconf 79' lang='lat' dir='ltr'>llrorne</span> <span class='ocrx_word' id='word_1_78' title='bbox 782 2613 864 2719; x_wconf 79' lang='lat' dir='ltr'>filii</span> <span class='ocrx_word' id='word_1_79' title='bbox 893 2613 1129 2722; x_wconf 79' lang='lat' dir='ltr'>Panparacii</span> <span class='ocrx_word' id='word_1_80' title='bbox 1159 2613 1204 2692; x_wconf 91' lang='lat' dir='ltr'>dc</span> <span class='ocrx_word' id='word_1_81' title='bbox 1239 2611 1274 2691; x_wconf 89' lang='lat' dir='ltr'><em>T</em></span> <span class='ocrx_word' id='word_1_82' title='bbox 1270 2612 1373 2692; x_wconf 81' lang='lat' dir='ltr'>clebd</span> <span class='ocrx_word' id='word_1_83' title='bbox 1397 2613 1441 2692; x_wconf 93' lang='lat' dir='ltr'>de</span> <span class='ocrx_word' id='word_1_84' title='bbox 1454 2637 1591 2719; x_wconf 78' lang='lat' dir='ltr'>perere</span> <span class='ocrx_word' id='word_1_85' title='bbox 1610 2609 1715 2692; x_wconf 81' lang='lat' dir='ltr'>cta-</span> 
     </span>
     <span class='ocr_line' id='line_1_15' title="bbox 308 2733 1712 2840; baseline 0.001 -27"><span class='ocrx_word' id='word_1_86' title='bbox 308 2733 397 2832; x_wconf 80' lang='lat' dir='ltr'>nari,</span> <span class='ocrx_word' id='word_1_87' title='bbox 435 2736 603 2840; x_wconf 77' lang='lat' dir='ltr'>eprepius</span> <span class='ocrx_word' id='word_1_88' title='bbox 636 2735 767 2815; x_wconf 91' lang='lat' dir='ltr'>doctor</span> <span class='ocrx_word' id='word_1_89' title='bbox 806 2740 846 2814; x_wconf 90' lang='lat' dir='ltr'>in</span> <span class='ocrx_word' id='word_1_90' title='bbox 887 2739 981 2836; x_wconf 88' lang='lat' dir='ltr'>iure,</span> <span class='ocrx_word' id='word_1_91' title='bbox 1025 2733 1180 2815; x_wconf 29' lang='lat' dir='ltr'>uestinum</span> <span class='ocrx_word' id='word_1_92' title='bbox 1224 2739 1371 2814; x_wconf 88' lang='lat' dir='ltr'>actiuus</span> <span class='ocrx_word' id='word_1_93' title='bbox 1412 2762 1459 2814; x_wconf 88' lang='lat' dir='ltr'>ac</span> <span class='ocrx_word' id='word_1_94' title='bbox 1491 2746 1636 2814; x_wconf 87' lang='lat' dir='ltr'>astutus</span> <span class='ocrx_word' id='word_1_95' title='bbox 1669 2738 1712 2814; x_wconf 83' lang='lat' dir='ltr'>in</span> 
     </span>
     <span class='ocr_line' id='line_1_16' title="bbox 308 2853 1711 2964; baseline 0.001 -30"><span class='ocrx_word' id='word_1_96' title='bbox 308 2853 479 2935; x_wconf 81' lang='lat' dir='ltr'>onznibns</span> <span class='ocrx_word' id='word_1_97' title='bbox 508 2859 586 2934; x_wconf 90' lang='lat' dir='ltr'>suis</span> <span class='ocrx_word' id='word_1_98' title='bbox 622 2857 749 2964; x_wconf 78' lang='lat' dir='ltr'>sactis,</span> <span class='ocrx_word' id='word_1_99' title='bbox 775 2884 850 2961; x_wconf 87' lang='lat' dir='ltr'>per</span> <span class='ocrx_word' id='word_1_100' title='bbox 883 2882 1030 2960; x_wconf 87' lang='lat' dir='ltr'>papam</span> <span class='ocrx_word' id='word_1_101' title='bbox 1071 2857 1285 2936; x_wconf 80' lang='lat' dir='ltr'>dobannern</span> <span class='ocrx_word' id='word_1_102' title='bbox 1325 2855 1540 2935; x_wconf 78' lang='lat' dir='ltr'>XXII-uin</span> <span class='ocrx_word' id='word_1_103' title='bbox 1574 2856 1711 2936; x_wconf 84' lang='lat' dir='ltr'>diuina</span> 
     </span>
     <span class='ocr_line' id='line_1_17' title="bbox 303 2976 1712 3086; baseline 0 -30"><span class='ocrx_word' id='word_1_104' title='bbox 303 2978 558 3083; x_wconf 88' lang='lat' dir='ltr'>prouidcnciu</span> <span class='ocrx_word' id='word_1_105' title='bbox 606 2978 910 3082; x_wconf 77' lang='lat' dir='ltr'>archiepiscopus</span> <span class='ocrx_word' id='word_1_106' title='bbox 958 2978 1225 3086; x_wconf 83' lang='lat' dir='ltr'>Striponicnsis</span> <span class='ocrx_word' id='word_1_107' title='bbox 1267 2992 1429 3058; x_wconf 88' lang='lat' dir='ltr'>creatur.</span> <span class='ocrx_word' id='word_1_108' title='bbox 1499 2976 1575 3076; x_wconf 77' lang='lat' dir='ltr'>Qui</span> <span class='ocrx_word' id='word_1_109' title='bbox 1620 3005 1712 3056; x_wconf 74' lang='lat' dir='ltr'>inor</span> 
     </span>
     <span class='ocr_line' id='line_1_18' title="bbox 306 3099 1709 3210; baseline -0.001 -30"><span class='ocrx_word' id='word_1_110' title='bbox 306 3103 570 3181; x_wconf 87' lang='lat' dir='ltr'>sanctuarium</span> <span class='ocrx_word' id='word_1_111' title='bbox 603 3099 802 3182; x_wconf 82' lang='lat' dir='ltr'>Adalberti</span> <span class='ocrx_word' id='word_1_112' title='bbox 828 3101 989 3207; x_wconf 81' lang='lat' dir='ltr'>pluriosi</span> <span class='ocrx_word' id='word_1_113' title='bbox 1019 3104 1188 3180; x_wconf 83' lang='lat' dir='ltr'>martiris</span> <span class='ocrx_word' id='word_1_114' title='bbox 1220 3100 1447 3181; x_wconf 82' lang='lat' dir='ltr'>cathedralis</span> <span class='ocrx_word' id='word_1_115' title='bbox 1477 3128 1542 3180; x_wconf 85' lang='lat' dir='ltr'>sae</span> <span class='ocrx_word' id='word_1_116' title='bbox 1564 3099 1709 3210; x_wconf 83' lang='lat' dir='ltr'>fundi-</span> 
     </span>
     <span class='ocr_line' id='line_1_19' title="bbox 308 3221 1710 3326; baseline 0 -24"><span class='ocrx_word' id='word_1_117' title='bbox 308 3237 366 3302; x_wconf 89' lang='lat' dir='ltr'>tus</span> <span class='ocrx_word' id='word_1_118' title='bbox 398 3249 572 3303; x_wconf 78' lang='lat' dir='ltr'>euersuri</span> <span class='ocrx_word' id='word_1_119' title='bbox 605 3235 638 3302; x_wconf 89' lang='lat' dir='ltr'>et</span> <span class='ocrx_word' id='word_1_120' title='bbox 668 3223 831 3302; x_wconf 84' lang='lat' dir='ltr'>totaliter</span> <span class='ocrx_word' id='word_1_121' title='bbox 862 3222 1076 3303; x_wconf 78' lang='lat' dir='ltr'>dcruolitunr</span> <span class='ocrx_word' id='word_1_122' title='bbox 1110 3227 1214 3302; x_wconf 89' lang='lat' dir='ltr'>sectis</span> <span class='ocrx_word' id='word_1_123' title='bbox 1247 3221 1435 3326; x_wconf 73' lang='lat' dir='ltr'>lapidibus</span> <span class='ocrx_word' id='word_1_124' title='bbox 1461 3237 1494 3302; x_wconf 92' lang='lat' dir='ltr'>et</span> <span class='ocrx_word' id='word_1_125' title='bbox 1509 3222 1644 3302; x_wconf 80' lang='lat' dir='ltr'>dolatis</span> <span class='ocrx_word' id='word_1_126' title='bbox 1660 3252 1710 3302; x_wconf 88' lang='lat' dir='ltr'>ac</span> 
     </span>
     <span class='ocr_line' id='line_1_20' title="bbox 308 3343 1708 3452; baseline -0.001 -27"><span class='ocrx_word' id='word_1_127' title='bbox 308 3349 467 3426; x_wconf 90' lang='lat' dir='ltr'>curiosis</span> <span class='ocrx_word' id='word_1_128' title='bbox 499 3345 675 3426; x_wconf 73' lang='lat' dir='ltr'>celaturis</span> <span class='ocrx_word' id='word_1_129' title='bbox 716 3345 925 3448; x_wconf 84' lang='lat' dir='ltr'>columpnis</span> <span class='ocrx_word' id='word_1_130' title='bbox 965 3346 1071 3424; x_wconf 90' lang='lat' dir='ltr'>duris</span> <span class='ocrx_word' id='word_1_131' title='bbox 1108 3343 1257 3425; x_wconf 88' lang='lat' dir='ltr'>basibus</span> <span class='ocrx_word' id='word_1_132' title='bbox 1289 3359 1323 3426; x_wconf 90' lang='lat' dir='ltr'>et</span> <span class='ocrx_word' id='word_1_133' title='bbox 1353 3345 1519 3449; x_wconf 69' lang='lat' dir='ltr'>epistiliis</span> <span class='ocrx_word' id='word_1_134' title='bbox 1551 3345 1708 3452; x_wconf 76' lang='lat' dir='ltr'>nrirpicc</span> 
     </span>
     <span class='ocr_line' id='line_1_21' title="bbox 305 3465 1703 3577; baseline -0.001 -29"><span class='ocrx_word' id='word_1_135' title='bbox 305 3465 509 3577; x_wconf 75' lang='lat' dir='ltr'>ferbricatis</span> <span class='ocrx_word' id='word_1_136' title='bbox 542 3479 624 3548; x_wconf 89' lang='lat' dir='ltr'>arte</span> <span class='ocrx_word' id='word_1_137' title='bbox 655 3467 868 3566; x_wconf 86' lang='lat' dir='ltr'>latbornica,</span> <span class='ocrx_word' id='word_1_138' title='bbox 905 3481 939 3547; x_wconf 92' lang='lat' dir='ltr'>et</span> <span class='ocrx_word' id='word_1_139' title='bbox 969 3495 1054 3547; x_wconf 76' lang='lat' dir='ltr'>crint</span> <span class='ocrx_word' id='word_1_140' title='bbox 1084 3467 1253 3574; x_wconf 79' lang='lat' dir='ltr'>pieriosa</span> <span class='ocrx_word' id='word_1_141' title='bbox 1291 3467 1470 3546; x_wconf 75' lang='lat' dir='ltr'>testudine</span> <span class='ocrx_word' id='word_1_142' title='bbox 1501 3467 1703 3564; x_wconf 81' lang='lat' dir='ltr'>inclinauit,</span> 
     </span>
     <span class='ocr_line' id='line_1_22' title="bbox 308 3589 1709 3698; baseline -0.001 -28"><span class='ocrx_word' id='word_1_143' title='bbox 308 3618 355 3670; x_wconf 92' lang='lat' dir='ltr'>ac</span> <span class='ocrx_word' id='word_1_144' title='bbox 385 3591 601 3670; x_wconf 81' lang='lat' dir='ltr'>inchoatum</span> <span class='ocrx_word' id='word_1_145' title='bbox 635 3615 730 3693; x_wconf 90' lang='lat' dir='ltr'>opus</span> <span class='ocrx_word' id='word_1_146' title='bbox 762 3616 846 3668; x_wconf 87' lang='lat' dir='ltr'>curn</span> <span class='ocrx_word' id='word_1_147' title='bbox 871 3590 1051 3698; x_wconf 74' lang='lat' dir='ltr'>fenestris</span> <span class='ocrx_word' id='word_1_148' title='bbox 1083 3592 1211 3670; x_wconf 81' lang='lat' dir='ltr'>rn&#39;treis</span> <span class='ocrx_word' id='word_1_149' title='bbox 1239 3589 1467 3688; x_wconf 87' lang='lat' dir='ltr'>decorando,</span> <span class='ocrx_word' id='word_1_150' title='bbox 1482 3603 1516 3668; x_wconf 87' lang='lat' dir='ltr'>ct</span> <span class='ocrx_word' id='word_1_151' title='bbox 1546 3593 1709 3668; x_wconf 74' lang='lat' dir='ltr'>ceterius</span> 
     </span>
     <span class='ocr_line' id='line_1_23' title="bbox 302 3711 1707 3819; baseline 0 -29"><span class='ocrx_word' id='word_1_152' title='bbox 302 3711 600 3819; x_wconf 80' lang='lat' dir='ltr'>propupnacula</span> <span class='ocrx_word' id='word_1_153' title='bbox 629 3711 821 3818; x_wconf 73' lang='lat' dir='ltr'>faciende,</span> <span class='ocrx_word' id='word_1_154' title='bbox 855 3739 1029 3791; x_wconf 85' lang='lat' dir='ltr'>necnon</span> <span class='ocrx_word' id='word_1_155' title='bbox 1061 3724 1176 3790; x_wconf 85' lang='lat' dir='ltr'>totam</span> <span class='ocrx_word' id='word_1_156' title='bbox 1210 3712 1399 3791; x_wconf 82' lang='lat' dir='ltr'>ecclesiane</span> <span class='ocrx_word' id='word_1_157' title='bbox 1435 3711 1585 3818; x_wconf 79' lang='lat' dir='ltr'>tepcndo</span> <span class='ocrx_word' id='word_1_158' title='bbox 1613 3711 1668 3790; x_wconf 87' lang='lat' dir='ltr'>ccl</span> <span class='ocrx_word' id='word_1_159' title='bbox 1687 3757 1707 3774; x_wconf 91' lang='lat'><strong>·</strong></span> 
     </span>
     <span class='ocr_line' id='line_1_24' title="bbox 308 3829 1706 3944; baseline 0.001 -33"><span class='ocrx_word' id='word_1_160' title='bbox 308 3838 400 3913; x_wconf 89' lang='lat' dir='ltr'>riter</span> <span class='ocrx_word' id='word_1_161' title='bbox 432 3847 465 3912; x_wconf 92' lang='lat' dir='ltr'>et</span> <span class='ocrx_word' id='word_1_162' title='bbox 488 3833 654 3944; x_wconf 76' lang='lat' dir='ltr'>feliciter</span> <span class='ocrx_word' id='word_1_163' title='bbox 685 3837 997 3936; x_wconf 78' lang='lat' dir='ltr'>consunrpnrauit.</span> <span class='ocrx_word' id='word_1_164' title='bbox 1031 3829 1135 3913; x_wconf 73' lang='lat' dir='ltr'>lilani</span> <span class='ocrx_word' id='word_1_165' title='bbox 1168 3848 1201 3913; x_wconf 90' lang='lat' dir='ltr'>ct</span> <span class='ocrx_word' id='word_1_166' title='bbox 1231 3833 1386 3913; x_wconf 80' lang='lat' dir='ltr'>carrdern</span> <span class='ocrx_word' id='word_1_167' title='bbox 1424 3833 1613 3914; x_wconf 83' lang='lat' dir='ltr'>ecclesiam</span> <span class='ocrx_word' id='word_1_168' title='bbox 1646 3846 1706 3913; x_wconf 92' lang='lat' dir='ltr'>ta·</span> 
     </span>
     <span class='ocr_line' id='line_1_25' title="bbox 307 3954 1708 4060; baseline 0.001 -26"><span class='ocrx_word' id='word_1_169' title='bbox 307 3955 402 4035; x_wconf 84' lang='lat' dir='ltr'>bulis</span> <span class='ocrx_word' id='word_1_170' title='bbox 434 3955 638 4053; x_wconf 87' lang='lat' dir='ltr'>deauratis,</span> <span class='ocrx_word' id='word_1_171' title='bbox 675 3954 853 4036; x_wconf 86' lang='lat' dir='ltr'>calicibus</span> <span class='ocrx_word' id='word_1_172' title='bbox 881 3959 1106 4060; x_wconf 87' lang='lat' dir='ltr'>peroptinn&#39;s</span> <span class='ocrx_word' id='word_1_173' title='bbox 1122 3969 1155 4034; x_wconf 89' lang='lat' dir='ltr'>et</span> <span class='ocrx_word' id='word_1_174' title='bbox 1186 3959 1416 4036; x_wconf 86' lang='lat' dir='ltr'>ornamentis</span> <span class='ocrx_word' id='word_1_175' title='bbox 1441 3958 1636 4059; x_wconf 84' lang='lat' dir='ltr'>preciosis,</span> <span class='ocrx_word' id='word_1_176' title='bbox 1658 3985 1708 4036; x_wconf 85' lang='lat' dir='ltr'>ac</span> 
     </span>
     <span class='ocr_line' id='line_1_26' title="bbox 307 4076 1707 4182; baseline -0.001 -23"><span class='ocrx_word' id='word_1_177' title='bbox 307 4079 393 4159; x_wconf 79' lang='lat' dir='ltr'>aliis</span> <span class='ocrx_word' id='word_1_178' title='bbox 436 4076 651 4156; x_wconf 85' lang='lat' dir='ltr'>utensilibus</span> <span class='ocrx_word' id='word_1_179' title='bbox 693 4078 945 4177; x_wconf 84' lang='lat' dir='ltr'>ecclesiarum,</span> <span class='ocrx_word' id='word_1_180' title='bbox 987 4103 1101 4181; x_wconf 85' lang='lat' dir='ltr'>super</span> <span class='ocrx_word' id='word_1_181' title='bbox 1134 4105 1259 4157; x_wconf 79' lang='lat' dir='ltr'>ontnes</span> <span class='ocrx_word' id='word_1_182' title='bbox 1300 4104 1387 4156; x_wconf 78' lang='lat' dir='ltr'>seros</span> <span class='ocrx_word' id='word_1_183' title='bbox 1423 4077 1707 4182; x_wconf 83' lang='lat' dir='ltr'>predecessores</span> 
     </span>
     <span class='ocr_line' id='line_1_27' title="bbox 307 4197 1705 4309; baseline 0.001 -29"><span class='ocrx_word' id='word_1_184' title='bbox 307 4201 503 4309; x_wconf 78' lang='lat' dir='ltr'>neapnifice</span> <span class='ocrx_word' id='word_1_185' title='bbox 534 4212 567 4278; x_wconf 91' lang='lat' dir='ltr'>et</span> <span class='ocrx_word' id='word_1_186' title='bbox 606 4197 893 4281; x_wconf 82' lang='lat' dir='ltr'>habundancius</span> <span class='ocrx_word' id='word_1_187' title='bbox 941 4203 1133 4304; x_wconf 78' lang='lat' dir='ltr'>opiniauit,</span> <span class='ocrx_word' id='word_1_188' title='bbox 1186 4228 1231 4280; x_wconf 89' lang='lat' dir='ltr'>nc</span> <span class='ocrx_word' id='word_1_189' title='bbox 1279 4197 1430 4280; x_wconf 87' lang='lat' dir='ltr'>uberius</span> <span class='ocrx_word' id='word_1_190' title='bbox 1468 4199 1705 4307; x_wconf 79' lang='lat' dir='ltr'>secundarit.</span> 
     </span>
     <span class='ocr_line' id='line_1_28' title="bbox 306 4323 1707 4430; baseline -0.001 -27"><span class='ocrx_word' id='word_1_191' title='bbox 306 4323 433 4403; x_wconf 77' lang='lat' dir='ltr'>illaria</span> <span class='ocrx_word' id='word_1_192' title='bbox 466 4326 577 4402; x_wconf 87' lang='lat' dir='ltr'>etiam</span> <span class='ocrx_word' id='word_1_193' title='bbox 609 4336 642 4400; x_wconf 90' lang='lat' dir='ltr'>et</span> <span class='ocrx_word' id='word_1_194' title='bbox 673 4336 795 4402; x_wconf 88' lang='lat' dir='ltr'>turres</span> <span class='ocrx_word' id='word_1_195' title='bbox 835 4323 960 4418; x_wconf 85' lang='lat' dir='ltr'>castri,</span> <span class='ocrx_word' id='word_1_196' title='bbox 1007 4349 1079 4430; x_wconf 87' lang='lat' dir='ltr'>que</span> <span class='ocrx_word' id='word_1_197' title='bbox 1114 4343 1187 4426; x_wconf 86' lang='lat' dir='ltr'>pre</span> <span class='ocrx_word' id='word_1_198' title='bbox 1217 4325 1337 4402; x_wconf 85' lang='lat' dir='ltr'>nimia</span> <span class='ocrx_word' id='word_1_199' title='bbox 1370 4335 1558 4420; x_wconf 83' lang='lat' dir='ltr'>uetustate,</span> <span class='ocrx_word' id='word_1_200' title='bbox 1596 4336 1629 4401; x_wconf 92' lang='lat' dir='ltr'>et</span> <span class='ocrx_word' id='word_1_201' title='bbox 1659 4350 1707 4402; x_wconf 76' lang='lat' dir='ltr'>cc</span> 
     </span>
     <span class='ocr_line' id='line_1_29' title="bbox 307 4443 1701 4554; baseline 0 -30"><span class='ocrx_word' id='word_1_202' title='bbox 307 4445 529 4552; x_wconf 73' lang='lat' dir='ltr'>neplipentia</span> <span class='ocrx_word' id='word_1_203' title='bbox 569 4470 725 4523; x_wconf 65' lang='lat' dir='ltr'>sororina</span> <span class='ocrx_word' id='word_1_204' title='bbox 763 4443 1070 4549; x_wconf 85' lang='lat' dir='ltr'>predecessorum</span> <span class='ocrx_word' id='word_1_205' title='bbox 1103 4444 1193 4554; x_wconf 83' lang='lat' dir='ltr'>fere</span> <span class='ocrx_word' id='word_1_206' title='bbox 1225 4443 1550 4548; x_wconf 69' lang='lat' dir='ltr'>approximabant</span> <span class='ocrx_word' id='word_1_207' title='bbox 1580 4447 1701 4542; x_wconf 85' lang='lat' dir='ltr'>ruine,</span> 
     </span>
     <span class='ocr_line' id='line_1_30' title="bbox 302 4565 1705 4675; baseline -0.003 -27"><span class='ocrx_word' id='word_1_208' title='bbox 302 4567 394 4675; x_wconf 78' lang='lat' dir='ltr'>fecit</span> <span class='ocrx_word' id='word_1_209' title='bbox 424 4567 586 4647; x_wconf 88' lang='lat' dir='ltr'>totaliter</span> <span class='ocrx_word' id='word_1_210' title='bbox 616 4571 810 4664; x_wconf 87' lang='lat' dir='ltr'>renouari,</span> <span class='ocrx_word' id='word_1_211' title='bbox 846 4579 969 4646; x_wconf 89' lang='lat' dir='ltr'>turres</span> <span class='ocrx_word' id='word_1_212' title='bbox 1001 4565 1206 4647; x_wconf 88' lang='lat' dir='ltr'>destructas</span> <span class='ocrx_word' id='word_1_213' title='bbox 1238 4569 1380 4674; x_wconf 77' lang='lat' dir='ltr'>eripere</span> <span class='ocrx_word' id='word_1_214' title='bbox 1411 4581 1541 4673; x_wconf 75' lang='lat' dir='ltr'>tepere,</span> <span class='ocrx_word' id='word_1_215' title='bbox 1574 4580 1608 4646; x_wconf 90' lang='lat' dir='ltr'>ct</span> <span class='ocrx_word' id='word_1_216' title='bbox 1622 4593 1705 4646; x_wconf 82' lang='lat' dir='ltr'>ani·</span> 
     </span>
    </p>
   </div>
   <div class='ocr_carea' id='block_1_8' title="bbox 306 4685 1707 4770">
    <p class='ocr_par' dir='ltr' id='par_1_8' title="bbox 306 4685 1707 4770">
     <span class='ocr_line' id='line_1_31' title="bbox 306 4685 1707 4770; baseline -0.001 -2"><span class='ocrx_word' id='word_1_217' title='bbox 306 4693 371 4770; x_wconf 78' lang='lat' dir='ltr'>reia</span> <span class='ocrx_word' id='word_1_218' title='bbox 402 4689 543 4769; x_wconf 87' lang='lat' dir='ltr'>studuit</span> <span class='ocrx_word' id='word_1_219' title='bbox 574 4692 760 4769; x_wconf 88' lang='lat' dir='ltr'>curiosius</span> <span class='ocrx_word' id='word_1_220' title='bbox 792 4689 998 4769; x_wconf 77' lang='lat' dir='ltr'>meliorari,</span> <span class='ocrx_word' id='word_1_221' title='bbox 1034 4685 1138 4768; x_wconf 87' lang='lat' dir='ltr'>Nam</span> <span class='ocrx_word' id='word_1_222' title='bbox 1171 4702 1203 4769; x_wconf 91' lang='lat' dir='ltr'>et</span> <span class='ocrx_word' id='word_1_223' title='bbox 1233 4689 1332 4769; x_wconf 86' lang='lat' dir='ltr'>alias</span> <span class='ocrx_word' id='word_1_224' title='bbox 1358 4703 1481 4769; x_wconf 88' lang='lat' dir='ltr'>turres</span> <span class='ocrx_word' id='word_1_225' title='bbox 1514 4692 1554 4768; x_wconf 88' lang='lat' dir='ltr'>in</span> <span class='ocrx_word' id='word_1_226' title='bbox 1586 4687 1707 4768; x_wconf 85' lang='lat' dir='ltr'>robur</span> 
     </span>
    </p>
   </div>
   <div class='ocr_carea' id='block_1_9' title="bbox 306 4809 1707 5044">
    <p class='ocr_par' dir='ltr' id='par_1_9' title="bbox 306 4809 1707 5044">
     <span class='ocr_line' id='line_1_32' title="bbox 306 4809 1707 4921; baseline -0.001 -29"><span class='ocrx_word' id='word_1_227' title='bbox 306 4815 424 4892; x_wconf 89' lang='lat' dir='ltr'>castri</span> <span class='ocrx_word' id='word_1_228' title='bbox 454 4812 698 4921; x_wconf 80' lang='lat' dir='ltr'>quamplures</span> <span class='ocrx_word' id='word_1_229' title='bbox 745 4812 842 4892; x_wconf 85' lang='lat' dir='ltr'>altas</span> <span class='ocrx_word' id='word_1_230' title='bbox 882 4824 916 4889; x_wconf 86' lang='lat' dir='ltr'>et</span> <span class='ocrx_word' id='word_1_231' title='bbox 945 4809 1191 4891; x_wconf 85' lang='lat' dir='ltr'>solidissimas</span> <span class='ocrx_word' id='word_1_232' title='bbox 1232 4811 1430 4919; x_wconf 85' lang='lat' dir='ltr'>edificauit,</span> <span class='ocrx_word' id='word_1_233' title='bbox 1482 4815 1580 4891; x_wconf 80' lang='lat' dir='ltr'>inter</span> <span class='ocrx_word' id='word_1_234' title='bbox 1611 4839 1707 4920; x_wconf 79' lang='lat' dir='ltr'>prus</span> 
     </span>
     <span class='ocr_line' id='line_1_33' title="bbox 306 4933 1706 5044; baseline -0.001 -30"><span class='ocrx_word' id='word_1_235' title='bbox 306 4960 423 5016; x_wconf 84' lang='lat' dir='ltr'>naam</span> <span class='ocrx_word' id='word_1_236' title='bbox 454 4960 582 5017; x_wconf 74' lang='lat' dir='ltr'>arcent</span> <span class='ocrx_word' id='word_1_237' title='bbox 613 4937 652 5014; x_wconf 87' lang='lat' dir='ltr'>in</span> <span class='ocrx_word' id='word_1_238' title='bbox 694 4933 868 5016; x_wconf 83' lang='lat' dir='ltr'>debiliori</span> <span class='ocrx_word' id='word_1_239' title='bbox 890 4945 1006 5040; x_wconf 88' lang='lat' dir='ltr'>parte</span> <span class='ocrx_word' id='word_1_240' title='bbox 1053 4937 1170 5014; x_wconf 90' lang='lat' dir='ltr'>castri</span> <span class='ocrx_word' id='word_1_241' title='bbox 1215 4946 1292 5016; x_wconf 86' lang='lat' dir='ltr'>tarn</span> <span class='ocrx_word' id='word_1_242' title='bbox 1326 4933 1476 5044; x_wconf 82' lang='lat' dir='ltr'>fortem</span> <span class='ocrx_word' id='word_1_243' title='bbox 1507 4947 1542 5018; x_wconf 89' lang='lat' dir='ltr'>et</span> <span class='ocrx_word' id='word_1_244' title='bbox 1588 4934 1706 5018; x_wconf 86' lang='lat' dir='ltr'>altam</span> 
     </span>
    </p>
   </div>
   <div class='ocr_carea' id='block_1_10' title="bbox 0 0 1954 5752">
    <p class='ocr_par' dir='ltr' id='par_1_10' title="bbox 0 0 1954 5752">
     <span class='ocr_line' id='line_1_34' title="bbox 0 0 1954 5752; baseline 0 4"><span class='ocrx_word' id='word_1_245' title='bbox 0 0 1954 5752; x_wconf 95' lang='lat' dir='ltr'> </span> 
     </span>
    </p>
   </div>
  </div>
 </body>
</html>
