4024 5776
211 777 313 859 pore
346 753 478 834 sancti
509 753 614 859 regis
647 752 844 860 Stephani
877 753 1018 835 Sunad
1049 753 1158 835 lilius
1183 752 1347 834 dobuca
1379 775 1509 856 nepos
1540 739 1614 861 re}-

210 874 271 978 gis
304 874 345 954 in
380 887 513 957 castro
546 902 622 958 suo
655 875 773 958 iuxta
804 875 1016 958 morisium
1052 875 1267 976 interfecit,
1294 899 1342 954 eo
1363 871 1488 978 >quod
1520 897 1613 978 pre·

211 995 322 1076 dicto
354 997 439 1102 regi
469 999 474 1104 l
502 998 667 1080 rebellis
698 998 777 1080 fuit
808 998 847 1078 in
883 997 1088 1080 omnibus.
1133 995 1210 1079 Cui
1247 995 1371 1076 etiam
1404 992 1613 1102 predictus

208 1144 283 1198 rex
317 1143 391 1225 pro
424 1119 534 1200 bono
566 1113 748 1234 seruifcio
781 1145 868 1221 suc,
887 1146 1061 1202 uxorem
1095 1131 1332 1200 etcastrum
1355 1116 1498 1197 ohtum
1517 1141 1612 1196 cum

211 1242 408 1324 omnihus
440 1241 666 1348 apendiciis
695 1239 700 1352 l
729 1241 813 1324 suis
851 1241 1112 1323 condonauit.
1161 1241 1227 1322 Sic
1268 1239 1376 1320 enim
1421 1264 1511 1319 mos
1553 1249 1616 1317 est

209 1365 416 1446 bonorum
450 1363 711 1444 dominorum
744 1391 841 1445 suos
873 1364 1016 1444 fideles
1045 1366 1050 1471 l
1079 1388 1364 1460 remunerare3
1398 1359 1507 1467 quod
1546 1369 1723 1439 ca·X111

207 1499 339 1568 strum
374 1513 486 1566 nunc
519 1483 658 1566 Sunad
693 1501 970 1594 nuncupatur.
993 1485 1097 1581 (luid
1119 1479 1359 1566 ultra?X11
1377 1475 1614 1576 Quomodo

208 1602 491 1708 pannoniam
518 1603 821 1684 intrauerunt.

212 1729 314 1810 Dux
347 1755 447 1810 nero
488 1730 623 1812 almus
663 1745 704 1811 et
743 1730 808 1812 sui
848 1730 1044 1838 primates
1081 1730 1393 1834 acquiescentes
1435 1724 1614 1806 consiliis

212 1845 521 1966 llnthenolrum,
540 1879 685 1960 pacem
719 1852 994 1934 firmissimam
1030 1880 1124 1932 cum
1160 1852 1217 1934 eis
1249 1851 1448 1931 fecerunt.
1476 1846 1614 1928 Duces

211 1974 325 2056 enim
360 1967 653 2090 Ruthelnmum
685 1988 733 2055 ut
773 2001 825 2054 ne
863 1974 913 2054 de
956 1973 1124 2056 sedibus
1164 1973 1249 2055 suis
1293 1971 1613 2078 expellerentur,

208 2095 316 2178 filios
349 2123 446 2178 suos
479 2109 524 2179 ut
561 2123 686 2204 supra
715 2097 720 2202 l
748 2096 931 2178 diximus
968 2096 1010 2176 in
1053 2095 1217 2177 obsides
1260 2094 1474 2194 dederunt,
1517 2109 1647 2180 cum5

210 2218 456 2300 muneribus
487 2245 570 2300 non
608 2218 846 2300 numeratis.
895 2217 1013 2298 Tunc
1041 2219 1046 2324 l
1076 2218 1162 2298 dux
1196 2217 1341 2322 galicie
1378 2215 1460 2296 duo
1503 2213 1615 2294 milia

209 2341 496 2446 sagittatomm
531 2355 572 2421 et
604 2339 708 2422 Ill-a
739 2340 852 2422 milia
877 2340 1122 2422 rusticorum
1142 2335 1305 2454 anteire
1327 2336 1523 2446 precepit,
1543 2335 1614 2442 qui

209 2463 269 2546 eis
303 2491 378 2570 per
410 2462 557 2545 siluam
577 2463 708 2544 houos
725 2463 836 2544 uiarn
859 2477 1136 2571 prepararent,
1158 2461 1361 2569 usquead
1380 2455 1613 2574 conssfinium

209 2585 337 2690 hung,
372 2599 414 2666 et
444 2584 585 2666 omnia
612 2584 797 2666 iumenta
824 2611 966 2666 eorum
985 2584 1236 2666 uictualihus
1255 2597 1296 2664 et
1317 2583 1406 2664 aliis
1435 2579 1440 2690 l
1468 2607 1614 2662 neces·

211 2707 328 2791 sariis
362 2707 560 2808 onerauit,
595 2720 637 2787 et
667 2707 850 2815 pecudes
882 2707 933 2787 ad
967 2707 1124 2788 uictum
1159 2704 1410 2787 condonauit
1429 2703 1517 2786 sine
1537 2730 1614 2782 nu·

213 2822 351 2944 mehe.
384 2827 501 2910 Tunc
533 2827 610 2910 Vll
641 2829 888 2937 principales
906 2856 1083 2936 persone
1101 2857 1183 2936 que
1202 2829 1445 2932 hetmnoger
1469 2826 1676 2914 dicun-10

213 2967 292 3052 tur,
327 2963 369 3032 et
397 2949 403 3063 l
431 2951 485 3059 hy
516 2950 593 3031 Vll
625 2950 752 3034 duces
785 2977 1070 3052 cumanorum,
1089 2977 1266 3059 quorum
1299 2949 1469 3032 nentina
1489 2973 1616 3055 supra

214 3073 400 3155 diximus
431 3099 516 3154 una
548 3101 643 3155 cum
673 3071 678 3184 l
708 3073 891 3180 cognatis
924 3087 966 3154 et
996 3074 1161 3155 famulis
1179 3100 1228 3154 ac
1250 3073 1498 3171 famulabus,
1517 3096 1615 3151 con·

214 3196 304 3278 silio
338 3207 381 3276 et
411 3194 566 3276 auxilio
598 3195 868 3278 ruthenorum
897 3199 902 3273 l
931 3196 1075 3301 galicie
1108 3209 1205 3276 sunt
1237 3194 1388 3300 egressi
1405 3193 1446 3274 in
1465 3205 1614 3274 terram

215 3315 435 3425 pannonie.
472 3316 523 3398 Et
554 3317 613 3399 sic
644 3317 860 3400 uenientes
896 3345 970 3426 per
998 3315 1003 3419 Ι
1032 3318 1180 3400 siluam
1223 3318 1353 3398 houos
1389 3315 1440 3396 ad
1478 3325 1615 3421 partes

216 3441 331 3544 hung
378 3439 694 3521 descenderunt.
740 3439 793 3520 Et
840 3468 936 3521 cmn
983 3440 1082 3521 illuc
1111 3439 1115 3548 l
1145 3439 1443 3546 peruenissent,
1475 3437 1615 3517 locum
1628 3443 1675 3522 15

217 3589 342 3668 quem
376 3561 508 3669 primo
541 3577 854 3668 occupauerunt
886 3557 1414 3676 lluncasnolrninauerunt,
1433 3586 1482 3641 co
1503 3557 1616 3665 quod

216 3711 312 3766 cum
347 3684 531 3764 maximo
563 3683 703 3764 labore
736 3683 787 3764 ad
820 3699 969 3764 terram
1004 3711 1130 3790 quarn
1147 3683 1225 3766 sibi
1242 3677 1506 3798 adoptabant
1521 3707 1615 3789 per·

216 3817 430 3888 uenerant.
463 3805 578 3887 Tunc
612 3804 669 3886 ibi
700 3833 773 3912 pro
804 3806 947 3912 requie
980 3806 1168 3887 lahormn
1203 3831 1372 3888 suorum
1391 3803 1464 3885 XL
1496 3804 1583 3885 dies
1610 3795 1614 3916 l

218 3941 545 4036 permanserunt,
580 3940 621 4007 et
651 3940 801 4008 terram
836 3927 942 4009 ultra
973 3955 1097 4034 quam
1117 3928 1196 4007 dici
1214 3927 1621 4034 potestdilexerunt,

217 4049 355 4132 Sclaui
382 4051 389 4160 ξ
416 4075 516 4130 uero
548 4049 798 4130 habitatores
831 4063 935 4131 terre
968 4051 1183 4131 audientes
1211 4050 1439 4130 aduentum
1472 4073 1615 4128 eorum

216 4171 445 4253 timuerunt
474 4170 610 4270 ualde,
640 4169 645 4280 l
675 4184 716 4252 et
747 4197 822 4252 sua
854 4187 1001 4279 sponte
1034 4197 1078 4253 se
1096 4171 1219 4252 Almo
1247 4171 1342 4253 duci
1364 4170 1677 4276 subiugum-20

215 4309 320 4396 mnt,
356 4320 405 4374 eo
439 4293 548 4401 quod
582 4286 839 4406 audiuesrant
870 4293 1028 4375 almum
1061 4294 1211 4376 ducem
1245 4293 1463 4397 degenere
1489 4291 1614 4373 athila

215 4416 319 4522 regis
352 4415 628 4498 descendisse.
660 4414 745 4525 1111
774 4415 870 4497 licet
901 4415 1090 4498 homines
1121 4415 1297 4498 ruissent
1328 4414 1457 4496 saleni
1485 4413 1614 4517 ducis

217 4549 357 4618 tamen
390 4565 485 4618 curn
519 4562 670 4642 magno
702 4531 866 4652 honolre
900 4550 941 4618 et
960 4539 1117 4658 ‘timore
1139 4538 1376 4620 seruiehant
1393 4537 1502 4618 almo
1520 4535 1615 4617 duci

217 4659 355 4740 omnia
386 4685 468 4766 que
501 4672 599 4740 sunt
629 4652 870 4774 neceslsaria
902 4660 953 4741 ad
978 4660 1148 4759 uictum,
1170 4660 1277 4742 sicut
1296 4659 1416 4740 decet
1448 4657 1614 4740 domino

216 4807 303 4882 suc,
336 4781 567 4862 offerentes
600 4779 653 4861 Et
683 4780 774 4863 talis
807 4775 938 4896 tilmor
969 4795 1011 4863 et
1041 4794 1194 4864 tremor
1210 4782 1382 4862 irruerat
1397 4807 1523 4888 super
1542 4780 1615 4861 ha·
1626 4787 1676 4861 25

217 4901 411 4984 bitatores
452 4916 570 5002 terre,
609 4917 650 4982 et
692 4897 977 5020 adulabanltur
1018 4905 1115 4987 duci
1158 4917 1199 4986 et
1241 4903 1326 4986 suis
1358 4901 1614 5011 primatibus

220 5023 327 5112 sicut
359 5025 469 5110 serui
501 5025 551 5108 ad
593 5050 691 5110 suos
730 5026 916 5138 proprios
953 5025 1154 5111 dominos
1187 5026 1238 5108 Et
1266 5026 1272 5140 l
1300 5025 1526 5110 laudabant
1557 5024 1615 5110 eis
