3900 5762
856 513 946 613 ss·

172 731 224 814 tis
257 732 472 814 obtutibus
505 731 723 838 Hungaros
756 730 957 814 vidissent
989 729 1085 810 hinc
1118 727 1212 810 inde
1261 730 1506 838 equitantes
1538 729 1580 812 in

171 857 306 962 pactis
337 857 527 936 tiaudem
560 856 757 938 interesse
793 854 1065 955 crediderunt,
1109 853 1219 959 quod
1261 854 1463 937 exercitui
1509 854 1580 935 de-

171 978 376 1060 clarantes
410 979 615 1082 dixerunt,
650 991 695 1058 ut
727 977 776 1059 ad
818 975 1153 1086 persequendum
1187 1003 1256 1058 eos
1289 972 1579 1084 aduenisset,¹)

170 1117 211 1181 et
245 1103 440 1208 quamuis
488 1102 627 1208 plures
669 1101 709 1182 in
756 1094 936 1207 leretis²)
978 1099 1179 1180 babentes
1228 1127 1435 1208 purpurea
1467 1099 1580 1181 lecti·

169 1225 326 1306 sternia
359 1224 587 1329 egritudine
630 1224 783 1328 fatigati
835 1222 1095 1324 ducerentur,
1145 1221 1321 1305 dimissis
1354 1223 1491 1304 feretis
1541 1236 1582 1304 et

168 1347 289 1428 lectis
322 1348 540 1454 purpureis
589 1373 718 1452 equos
766 1346 1052 1448 ascenderunt,
1087 1359 1174 1425 orto
1207 1345 1292 1426 sole
1330 1346 1469 1427 villam
1503 1345 1579 1427 Vrs

170 1469 484 1574 coniungentes.
532 1469 583 1549 llt
626 1497 720 1549 cum
771 1469 1029 1570 castellanus,
1065 1468 1135 1574 qui
1169 1468 1209 1546 in
1243 1481 1360 1574 porta
1393 1481 1479 1548 erat
1512 1495 1579 1548 co-

170 1592 396 1698 gnouisset,
446 1591 556 1698 quod
605 1618 704 1696 gens
752 1603 909 1671 armata
945 1617 1019 1696 per
1051 1617 1216 1696 asperas
1250 1605 1290 1671 et
1323 1590 1579 1672 immeabiles

171 1714 387 1819 indagines
420 1714 585 1796 dimissa
619 1715 686 1794 ria
717 1713 826 1818 regia
875 1711 1149 1821 pertransiret,
1193 1741 1286 1793 cum
1322 1715 1406 1796 suis
1440 1740 1483 1794 se
1516 1739 1579 1794 ar·

170 1837 315 1918 nrauit.
364 1836 561 1943 Dumque
594 1848 880 1918 transeuntem
914 1847 1090 1916 turmam
1126 1862 1150 1914 a
1180 1829 1342 1942 longob
1376 1835 1579 1942 aspiciens

169 1972 368 2062 tueretur,
397 1960 524 2064 egroti
557 1961 628 2066 qui
661 1959 837 2040 dimissis
869 1958 1007 2038 feretis
1041 1969 1080 2036 ct
1102 1957 1360 2040 lectisterniis
1379 1957 1419 2038 in
1438 1971 1577 2040 moute

170 2081 384 2164 Barsuuus
416 2082 458 2162 in
492 2083 609 2189 equis
642 2081 942 2188 equitauerant,
975 2079 1158 2161 allocatis
1191 2081 1378 2162 curribus
1411 2107 1485 2189 per
1514 2080 1577 2160 in·

169 2203 343 2309 dagines
389 2204 655 2286 transiebant.
704 2207 887 2299 Quorum
936 2202 1118 2284 scutiferi
1159 2217 1206 2285 ut
1247 2216 1354 2284 retro
1386 2204 1579 2285 viderunt

170 2328 302 2407 aciem
339 2327 562 2426 castellani,
596 2328 799 2408 derelictis
833 2324 1020 2408 curribus
1054 2336 1094 2405 et
1126 2325 1302 2407 dominis
1334 2353 1460 2433 super
1486 2353 1577 2406 cur·

169 2475 251 2551 rus,
286 2449 394 2530 sicut
426 2449 574 2533 melius
608 2462 831 2557 potuerunt
878 2449 1137 2552 abfugerunt.
1184 2448 1302 2530 'l'unc
1333 2449 1474 2531 rustici
1505 2474 1577 2528 re·

168 2571 345 2674 aientes,
394 2599 537 2654 currus
585 2572 821 2674 auferenda
871 2571 1059 2652 dominos
1097 2571 1138 2650 in
1171 2599 1292 2653 curru
1326 2571 1576 2671 occiderunt,

170 2693 378 2776 cadauera
409 2694 451 2775 in
484 2695 601 2801 aquis
635 2695 901 2776 abiectantes.
949 2693 996 2774 In
1031 2694 1182 2799 quibus
1215 2691 1385 2800 quidem
1417 2693 1576 2799 egrotis,

169 2816 339 2922 quidam
374 2816 535 2920 milites,
569 2817 696 2923 aliqui
729 2817 911 2919 comites,
958 2816 1148 2897 nonnulli
1186 2817 1301 2898 fuere
1345 2811 1425 2924 etl)
1470 2842 1577 2896 mar·

169 2937 351 3020 chiones.
384 2937 503 3020 Vnde
538 2967 669 3046 usque
703 2939 824 3019 hodie
857 2940 898 3018 in
930 2939 1105 3019 transitu
1138 2939 1226 3046 ipso
1261 2964 1463 3044 equorum
1495 2938 1576 3018 fer·

169 3077 368 3162 ramenta,
402 3061 525 3166 gladii
558 3074 598 3142 et
630 3063 749 3168 plura
782 3061 844 3142 his
878 3060 1036 3162 similia,
1056 3061 1173 3167 aquis
1208 3061 1426 3143 exsiccatis
1443 3059 1577 3142 solent

169 3180 358 3264 inueniri.
390 3181 509 3266 Mons
542 3211 638 3265 rero
671 3185 1059 3290 Barsmmspropter
1078 3183 1328 3266 lectisternia
1345 3183 1403 3265 sic
1421 3182 1574 3284 relicta,

171 3333 252 3412 que
285 3307 402 3386 luere
435 3333 656 3413 purpurea,
690 3307 741 3388 de
773 3305 970 3387 terricolis
1004 3306 1140 3387 extitit
1170 3306 1419 3388 norninatus

328 3464 397 3545 31.
430 3463 524 3545 Post
556 3478 730 3545 mortem
766 3464 904 3571 itaque
938 3464 1069 3544 saneti
1101 3465 1206 3568 regis
1239 3461 1437 3570 Stephani
1464 3476 1575 3544 tran·

168 3585 268 3664 sacti
302 3599 402 3668 sunt
433 3586 529 3666 anni
563 3587 622 3667 Xl
655 3615 819 3668 menses
852 3585 920 3666 lv.
956 3614 1087 3693 usquc
1120 3587 1170 3667 ad
1205 3613 1361 3667 aunum
1396 3586 1575 3691 primum

169 3707 328 3814 imperii
379 3709 544 3789 Andree
592 3709 708 3813 regis.
757 3710 916 3789 lnterea
954 3735 1052 3788 vcro
1085 3708 1228 3790 Petrus
1261 3735 1336 3788 rex
1369 3708 1501 3814 primo
1535 3720 1576 3788 ct

168 3831 352 3911 secundo
384 3831 572 3936 regnauit
603 3833 720 3912 amris
753 3832 938 3937 ‹priuque
972 3848 1012 3912 et
1044 3831 1224 3912 dimidio.
1258 3831 1352 3912 Aba
1382 3857 1479 3912 vero
1511 3857 1575 3911 re-

169 3952 312 4056 gnauit
344 3954 462 4034 annis
495 3954 637 4035 tribus.
672 3954 858 4034 Andreas
891 3967 1030 4033 autem
1073 3957 1285 4036 conlectus
1318 3952 1433 4034 senio
1466 3980 1573 4034 anuo

171 4075 331 4182 imperii
395 4077 457 4158 sui
507 4076 585 4156 Xll
633 4076 763 4158 filium
827 4104 950 4156 suum
1002 4075 1263 4157 Salomonem
1314 4075 1449 4157 adhuc
1496 4104 1574 4184 pu·

170 4199 329 4278 erulum
366 4225 461 4278 cum
495 4223 700 4280 consensu
733 4199 864 4279 fratris
898 4199 961 4279 sui
994 4198 1091 4278 Bele
1125 4210 1165 4278 et
1190 4199 1365 4281 filiorum
1386 4198 1572 4279 ciusdem

171 4318 323 4400 Geiehe
357 4332 398 4399 et
429 4319 605 4402 Ladislai
636 4349 773 4426 regem
809 4320 1030 4402 coustituit.
1064 4321 1157 4428 lpsc
1190 4339 1330 4403 autem
1348 4319 1448 4400 obiit
1465 4346 1572 4401 anno

170 4443 281 4547 regni
314 4442 376 4524 sui
410 4441 487 4522 XV
521 4455 562 4523 et
594 4443 633 4522 in
667 4443 811 4552 Tybon
845 4443 1092 4525 monasterio
1124 4444 1288 4552 proprio
1322 4472 1416 4526 cum
1438 4442 1572 4525 Dauid

170 4564 251 4644 filio
284 4591 359 4646 suo
391 4565 599 4672 sepelitur.

793 4791 946 4798 ----—.-=-

172 4963 376 4971 -——-

278 5035 303 5128 ¹)
331 5031 562 5108 aduenissent.
598 5030 625 5131 ¹)
655 5035 804 5112 feretris.
836 5033 863 5140 ⁸)
891 5036 1015 5135 longis.
1047 5035 1075 5140 ⁴)
1105 5039 1140 5110 ot
1167 5057 1233 5112 om.
1263 5037 1327 5112 He.
