<?xml version="1.0" encoding="UTF-8"?>
<!DOCTYPE html PUBLIC "-//W3C//DTD XHTML 1.0 Transitional//EN"
    "http://www.w3.org/TR/xhtml1/DTD/xhtml1-transitional.dtd">
<html xmlns="http://www.w3.org/1999/xhtml" xml:lang="en" lang="en">
 <head>
  <title>
</title>
<meta http-equiv="Content-Type" content="text/html;charset=utf-8" />
  <meta name='ocr-system' content='tesseract 3.04.00' />
  <meta name='ocr-capabilities' content='ocr_page ocr_carea ocr_par ocr_line ocrx_word'/>
</head>
<body>
  <div class='ocr_page' id='page_1' title='image "./chronicahungaro00florgoog_0136.png"; bbox 0 0 3900 5762; ppageno 0'>
   <div class='ocr_carea' id='block_1_1' title="bbox 828 491 961 598">
    <p class='ocr_par' dir='ltr' id='par_1_1' title="bbox 828 491 961 598">
     <span class='ocr_line' id='line_1_1' title="bbox 828 491 961 598; baseline 0 -34"><span class='ocrx_word' id='word_1_1' title='bbox 828 491 961 598; x_wconf 14' lang='lat' dir='ltr'>*m-</span> 
     </span>
    </p>
   </div>
   <div class='ocr_carea' id='block_1_2' title="bbox 193 711 1605 3388">
    <p class='ocr_par' dir='ltr' id='par_1_2' title="bbox 193 711 1605 3388">
     <span class='ocr_line' id='line_1_2' title="bbox 197 711 1605 824; baseline -0.001 -26"><span class='ocrx_word' id='word_1_2' title='bbox 197 744 341 818; x_wconf 89' lang='lat' dir='ltr'>vacue,</span> <span class='ocrx_word' id='word_1_3' title='bbox 374 716 414 797; x_wconf 90' lang='lat' dir='ltr'>in</span> <span class='ocrx_word' id='word_1_4' title='bbox 449 717 534 798; x_wconf 84' lang='lat' dir='ltr'>suis</span> <span class='ocrx_word' id='word_1_5' title='bbox 566 715 766 798; x_wconf 88' lang='lat' dir='ltr'>iuncturis</span> <span class='ocrx_word' id='word_1_6' title='bbox 791 716 997 822; x_wconf 80' lang='lat' dir='ltr'>lapidibus</span> <span class='ocrx_word' id='word_1_7' title='bbox 1031 716 1224 824; x_wconf 76' lang='lat' dir='ltr'>preciosis</span> <span class='ocrx_word' id='word_1_8' title='bbox 1257 715 1480 798; x_wconf 83' lang='lat' dir='ltr'>fabrefacto</span> <span class='ocrx_word' id='word_1_9' title='bbox 1512 711 1605 798; x_wconf 91' lang='lat' dir='ltr'>iun·</span> 
     </span>
     <span class='ocr_line' id='line_1_3' title="bbox 196 837 1603 945; baseline 0 -25"><span class='ocrx_word' id='word_1_10' title='bbox 196 840 411 944; x_wconf 88' lang='lat' dir='ltr'>gebautur.</span> <span class='ocrx_word' id='word_1_11' title='bbox 445 837 525 920; x_wconf 85' lang='lat' dir='ltr'>Sed</span> <span class='ocrx_word' id='word_1_12' title='bbox 560 852 600 918; x_wconf 93' lang='lat' dir='ltr'>et</span> <span class='ocrx_word' id='word_1_13' title='bbox 632 865 705 919; x_wconf 89' lang='lat' dir='ltr'>sua</span> <span class='ocrx_word' id='word_1_14' title='bbox 740 839 962 932; x_wconf 79' lang='lat' dir='ltr'>maristalla</span> <span class='ocrx_word' id='word_1_15' title='bbox 1004 840 1102 920; x_wconf 91' lang='lat' dir='ltr'>dum</span> <span class='ocrx_word' id='word_1_16' title='bbox 1148 856 1337 945; x_wconf 75' lang='lat' dir='ltr'>pergeret</span> <span class='ocrx_word' id='word_1_17' title='bbox 1368 839 1420 920; x_wconf 88' lang='lat' dir='ltr'>ad</span> <span class='ocrx_word' id='word_1_18' title='bbox 1447 839 1603 920; x_wconf 83' lang='lat' dir='ltr'>exerci-</span> 
     </span>
     <span class='ocr_line' id='line_1_4' title="bbox 197 957 1604 1067; baseline -0.001 -25"><span class='ocrx_word' id='word_1_19' title='bbox 197 979 297 1064; x_wconf 90' lang='lat' dir='ltr'>tum,</span> <span class='ocrx_word' id='word_1_20' title='bbox 331 961 588 1043; x_wconf 86' lang='lat' dir='ltr'>diuersarum</span> <span class='ocrx_word' id='word_1_21' title='bbox 624 961 845 1066; x_wconf 87' lang='lat' dir='ltr'>patriarum</span> <span class='ocrx_word' id='word_1_22' title='bbox 880 962 997 1067; x_wconf 83' lang='lat' dir='ltr'>equis</span> <span class='ocrx_word' id='word_1_23' title='bbox 1019 957 1128 1067; x_wconf 74' lang='lat'><strong>—.¹)</strong></span> <span class='ocrx_word' id='word_1_24' title='bbox 1147 963 1259 1056; x_wconf 77' lang='lat' dir='ltr'>Quos</span> <span class='ocrx_word' id='word_1_25' title='bbox 1282 962 1474 1067; x_wconf 88' lang='lat' dir='ltr'>quamuis</span> <span class='ocrx_word' id='word_1_26' title='bbox 1491 961 1604 1042; x_wconf 86' lang='lat' dir='ltr'>visus</span> 
     </span>
     <span class='ocr_line' id='line_1_5' title="bbox 196 1082 1604 1190; baseline -0.001 -26"><span class='ocrx_word' id='word_1_27' title='bbox 196 1097 305 1166; x_wconf 84' lang='lat' dir='ltr'>esset</span> <span class='ocrx_word' id='word_1_28' title='bbox 338 1083 544 1183; x_wconf 86' lang='lat' dir='ltr'>babuisse,</span> <span class='ocrx_word' id='word_1_29' title='bbox 578 1082 742 1186; x_wconf 89' lang='lat' dir='ltr'>largiter</span> <span class='ocrx_word' id='word_1_30' title='bbox 774 1096 911 1162; x_wconf 87' lang='lat' dir='ltr'>tamen</span> <span class='ocrx_word' id='word_1_31' title='bbox 947 1084 1163 1188; x_wconf 74' lang='lat' dir='ltr'>egentibus</span> <span class='ocrx_word' id='word_1_32' title='bbox 1185 1085 1405 1185; x_wconf 79' lang='lat' dir='ltr'>tribuebat,</span> <span class='ocrx_word' id='word_1_33' title='bbox 1424 1085 1479 1164; x_wconf 85' lang='lat' dir='ltr'>ita</span> <span class='ocrx_word' id='word_1_34' title='bbox 1512 1083 1604 1190; x_wconf 91' lang='lat' dir='ltr'>qui-</span> 
     </span>
     <span class='ocr_line' id='line_1_6' title="bbox 194 1199 1602 1312; baseline 0.001 -28"><span class='ocrx_word' id='word_1_35' title='bbox 194 1205 289 1286; x_wconf 91' lang='lat' dir='ltr'>dem</span> <span class='ocrx_word' id='word_1_36' title='bbox 326 1206 420 1312; x_wconf 81' lang='lat'>(11)</span> <span class='ocrx_word' id='word_1_37' title='bbox 455 1219 500 1284; x_wconf 96' lang='lat' dir='ltr'>ut</span> <span class='ocrx_word' id='word_1_38' title='bbox 533 1199 678 1312; x_wconf 80' lang='lat' dir='ltr'>‹tu0s²)</span> <span class='ocrx_word' id='word_1_39' title='bbox 714 1204 883 1284; x_wconf 80' lang='lat' dir='ltr'>liaberet</span> <span class='ocrx_word' id='word_1_40' title='bbox 915 1205 1137 1312; x_wconf 86' lang='lat' dir='ltr'>aliquando</span> <span class='ocrx_word' id='word_1_41' title='bbox 1171 1232 1243 1312; x_wconf 91' lang='lat' dir='ltr'>pro</span> <span class='ocrx_word' id='word_1_42' title='bbox 1270 1233 1349 1286; x_wconf 90' lang='lat' dir='ltr'>usn</span> <span class='ocrx_word' id='word_1_43' title='bbox 1379 1205 1602 1311; x_wconf 88' lang='lat' dir='ltr'>equitandi.</span> 
     </span>
     <span class='ocr_line' id='line_1_7' title="bbox 194 1326 1601 1434; baseline 0 -27"><span class='ocrx_word' id='word_1_44' title='bbox 194 1328 275 1409; x_wconf 88' lang='lat' dir='ltr'>lstc</span> <span class='ocrx_word' id='word_1_45' title='bbox 309 1353 405 1408; x_wconf 84' lang='lat' dir='ltr'>vero</span> <span class='ocrx_word' id='word_1_46' title='bbox 440 1326 660 1408; x_wconf 86' lang='lat' dir='ltr'>maristallc</span> <span class='ocrx_word' id='word_1_47' title='bbox 694 1353 745 1406; x_wconf 87' lang='lat' dir='ltr'>ex</span> <span class='ocrx_word' id='word_1_48' title='bbox 781 1326 890 1406; x_wconf 81' lang='lat' dir='ltr'>bisso</span> <span class='ocrx_word' id='word_1_49' title='bbox 924 1342 964 1406; x_wconf 89' lang='lat' dir='ltr'>ct</span> <span class='ocrx_word' id='word_1_50' title='bbox 998 1354 1180 1434; x_wconf 80' lang='lat' dir='ltr'>purpura</span> <span class='ocrx_word' id='word_1_51' title='bbox 1208 1328 1418 1409; x_wconf 88' lang='lat' dir='ltr'>habebant</span> <span class='ocrx_word' id='word_1_52' title='bbox 1435 1340 1601 1433; x_wconf 88' lang='lat' dir='ltr'>paratu·</span> 
     </span>
     <span class='ocr_line' id='line_1_8' title="bbox 195 1447 1600 1555; baseline -0.002 -26"><span class='ocrx_word' id='word_1_53' title='bbox 195 1477 295 1550; x_wconf 86' lang='lat' dir='ltr'>ram,</span> <span class='ocrx_word' id='word_1_54' title='bbox 329 1449 401 1530; x_wconf 88' lang='lat' dir='ltr'>sed</span> <span class='ocrx_word' id='word_1_55' title='bbox 435 1463 476 1529; x_wconf 91' lang='lat' dir='ltr'>et</span> <span class='ocrx_word' id='word_1_56' title='bbox 507 1448 663 1552; x_wconf 82' lang='lat' dir='ltr'>regales</span> <span class='ocrx_word' id='word_1_57' title='bbox 711 1447 810 1529; x_wconf 88' lang='lat' dir='ltr'>selle</span> <span class='ocrx_word' id='word_1_58' title='bbox 860 1476 911 1528; x_wconf 80' lang='lat' dir='ltr'>ex</span> <span class='ocrx_word' id='word_1_59' title='bbox 962 1477 1060 1530; x_wconf 88' lang='lat' dir='ltr'>auro</span> <span class='ocrx_word' id='word_1_60' title='bbox 1108 1450 1357 1550; x_wconf 86' lang='lat' dir='ltr'>fue1·ant,et</span> <span class='ocrx_word' id='word_1_61' title='bbox 1395 1450 1600 1555; x_wconf 83' lang='lat' dir='ltr'>lapidibus</span> 
     </span>
     <span class='ocr_line' id='line_1_9' title="bbox 196 1569 1604 1678; baseline 0 -27"><span class='ocrx_word' id='word_1_62' title='bbox 196 1571 391 1678; x_wconf 74' lang='lat' dir='ltr'>preciosis</span> <span class='ocrx_word' id='word_1_63' title='bbox 424 1570 618 1650; x_wconf 86' lang='lat' dir='ltr'>laborate.</span> <span class='ocrx_word' id='word_1_64' title='bbox 652 1569 795 1651; x_wconf 89' lang='lat' dir='ltr'>lllensa</span> <span class='ocrx_word' id='word_1_65' title='bbox 828 1585 913 1650; x_wconf 89' lang='lat' dir='ltr'>erat</span> <span class='ocrx_word' id='word_1_66' title='bbox 945 1585 1030 1652; x_wconf 89' lang='lat' dir='ltr'>tota</span> <span class='ocrx_word' id='word_1_67' title='bbox 1062 1597 1197 1673; x_wconf 89' lang='lat' dir='ltr'>aurea,</span> <span class='ocrx_word' id='word_1_68' title='bbox 1231 1598 1333 1652; x_wconf 87' lang='lat' dir='ltr'>uasa</span> <span class='ocrx_word' id='word_1_69' title='bbox 1370 1571 1494 1651; x_wconf 86' lang='lat' dir='ltr'>etiam</span> <span class='ocrx_word' id='word_1_70' title='bbox 1535 1598 1604 1651; x_wconf 89' lang='lat' dir='ltr'>co·</span> 
     </span>
     <span class='ocr_line' id='line_1_10' title="bbox 195 1691 1602 1800; baseline 0.001 -27"><span class='ocrx_word' id='word_1_71' title='bbox 195 1693 384 1800; x_wconf 86' lang='lat' dir='ltr'>quinaria</span> <span class='ocrx_word' id='word_1_72' title='bbox 416 1718 541 1772; x_wconf 88' lang='lat' dir='ltr'>aurea</span> <span class='ocrx_word' id='word_1_73' title='bbox 574 1704 700 1773; x_wconf 86' lang='lat' dir='ltr'>erant.</span> <span class='ocrx_word' id='word_1_74' title='bbox 733 1691 927 1774; x_wconf 72' lang='lat' dir='ltr'>&#39;l&#39;alanms</span> <span class='ocrx_word' id='word_1_75' title='bbox 956 1705 1094 1774; x_wconf 89' lang='lat' dir='ltr'>autem</span> <span class='ocrx_word' id='word_1_76' title='bbox 1130 1693 1217 1774; x_wconf 89' lang='lat' dir='ltr'>eius</span> <span class='ocrx_word' id='word_1_77' title='bbox 1251 1720 1303 1772; x_wconf 89' lang='lat' dir='ltr'>ex</span> <span class='ocrx_word' id='word_1_78' title='bbox 1337 1719 1436 1773; x_wconf 89' lang='lat' dir='ltr'>auro</span> <span class='ocrx_word' id='word_1_79' title='bbox 1469 1694 1602 1800; x_wconf 90' lang='lat' dir='ltr'>puris·</span> 
     </span>
     <span class='ocr_line' id='line_1_11' title="bbox 194 1813 1603 1916; baseline 0.001 -22"><span class='ocrx_word' id='word_1_80' title='bbox 194 1816 301 1896; x_wconf 92' lang='lat' dir='ltr'>simo</span> <span class='ocrx_word' id='word_1_81' title='bbox 334 1813 503 1894; x_wconf 88' lang='lat' dir='ltr'>mirifice</span> <span class='ocrx_word' id='word_1_82' title='bbox 535 1814 795 1916; x_wconf 85' lang='lat' dir='ltr'>fabrefactus,</span> <span class='ocrx_word' id='word_1_83' title='bbox 830 1842 971 1895; x_wconf 86' lang='lat' dir='ltr'>secum</span> <span class='ocrx_word' id='word_1_84' title='bbox 1007 1816 1047 1895; x_wconf 93' lang='lat' dir='ltr'>in</span> <span class='ocrx_word' id='word_1_85' title='bbox 1082 1815 1266 1896; x_wconf 81' lang='lat' dir='ltr'>exercitu</span> <span class='ocrx_word' id='word_1_86' title='bbox 1298 1815 1518 1896; x_wconf 85' lang='lat' dir='ltr'>ferebatur.</span> <span class='ocrx_word' id='word_1_87' title='bbox 1556 1815 1603 1895; x_wconf 93' lang='lat' dir='ltr'>ln</span> 
     </span>
     <span class='ocr_line' id='line_1_12' title="bbox 195 1935 1601 2045; baseline 0 -29"><span class='ocrx_word' id='word_1_88' title='bbox 195 1936 434 2018; x_wconf 90' lang='lat' dir='ltr'>huiusmodi</span> <span class='ocrx_word' id='word_1_89' title='bbox 467 1936 587 2040; x_wconf 89' lang='lat' dir='ltr'>igitur</span> <span class='ocrx_word' id='word_1_90' title='bbox 620 1948 661 2016; x_wconf 92' lang='lat' dir='ltr'>et</span> <span class='ocrx_word' id='word_1_91' title='bbox 693 1935 780 2018; x_wconf 89' lang='lat' dir='ltr'>aliis</span> <span class='ocrx_word' id='word_1_92' title='bbox 799 1937 928 2018; x_wconf 87' lang='lat' dir='ltr'>seculi</span> <span class='ocrx_word' id='word_1_93' title='bbox 950 1938 1113 2044; x_wconf 81' lang='lat' dir='ltr'>pompis</span> <span class='ocrx_word' id='word_1_94' title='bbox 1133 1937 1255 2045; x_wconf 76' lang='lat' dir='ltr'>Atyla</span> <span class='ocrx_word' id='word_1_95' title='bbox 1287 1964 1361 2018; x_wconf 85' lang='lat' dir='ltr'>rex</span> <span class='ocrx_word' id='word_1_96' title='bbox 1396 1937 1601 2019; x_wconf 91' lang='lat' dir='ltr'>lmnorum</span> 
     </span>
     <span class='ocr_line' id='line_1_13' title="bbox 195 2057 1603 2166; baseline -0.004 -26"><span class='ocrx_word' id='word_1_97' title='bbox 195 2071 283 2140; x_wconf 88' lang='lat' dir='ltr'>erat</span> <span class='ocrx_word' id='word_1_98' title='bbox 315 2057 527 2163; x_wconf 78' lang='lat' dir='ltr'>gloriosus</span> <span class='ocrx_word' id='word_1_99' title='bbox 561 2057 779 2164; x_wconf 82' lang='lat' dir='ltr'>Expeditio</span> <span class='ocrx_word' id='word_1_100' title='bbox 812 2085 909 2139; x_wconf 88' lang='lat' dir='ltr'>vero</span> <span class='ocrx_word' id='word_1_101' title='bbox 942 2085 1016 2140; x_wconf 87' lang='lat' dir='ltr'>sna</span> <span class='ocrx_word' id='word_1_102' title='bbox 1050 2073 1185 2166; x_wconf 88' lang='lat' dir='ltr'>preter</span> <span class='ocrx_word' id='word_1_103' title='bbox 1218 2072 1436 2140; x_wconf 85' lang='lat' dir='ltr'>extraneas</span> <span class='ocrx_word' id='word_1_104' title='bbox 1471 2058 1603 2140; x_wconf 86' lang='lat' dir='ltr'>natio-</span> 
     </span>
     <span class='ocr_line' id='line_1_14' title="bbox 194 2173 1602 2287; baseline -0.001 -25"><span class='ocrx_word' id='word_1_105' title='bbox 194 2209 270 2263; x_wconf 88' lang='lat' dir='ltr'>nes</span> <span class='ocrx_word' id='word_1_106' title='bbox 304 2179 441 2262; x_wconf 86' lang='lat' dir='ltr'>deeies</span> <span class='ocrx_word' id='word_1_107' title='bbox 475 2180 659 2262; x_wconf 81' lang='lat' dir='ltr'>centenis</span> <span class='ocrx_word' id='word_1_108' title='bbox 692 2181 860 2262; x_wconf 88' lang='lat' dir='ltr'>milibus</span> <span class='ocrx_word' id='word_1_109' title='bbox 878 2181 1056 2262; x_wconf 81' lang='lat' dir='ltr'>virorum</span> <span class='ocrx_word' id='word_1_110' title='bbox 1076 2195 1327 2263; x_wconf 83' lang='lat' dir='ltr'>arnmtorum</span> <span class='ocrx_word' id='word_1_111' title='bbox 1354 2173 1602 2287; x_wconf 85' lang='lat' dir='ltr'>replebatur,</span> 
     </span>
     <span class='ocr_line' id='line_1_15' title="bbox 196 2301 1603 2410; baseline 0 -26"><span class='ocrx_word' id='word_1_112' title='bbox 196 2303 253 2384; x_wconf 89' lang='lat' dir='ltr'>ita</span> <span class='ocrx_word' id='word_1_113' title='bbox 285 2301 466 2410; x_wconf 90' lang='lat' dir='ltr'>quidem,</span> <span class='ocrx_word' id='word_1_114' title='bbox 502 2316 547 2382; x_wconf 92' lang='lat' dir='ltr'>ut</span> <span class='ocrx_word' id='word_1_115' title='bbox 578 2301 611 2384; x_wconf 91' lang='lat' dir='ltr'>si</span> <span class='ocrx_word' id='word_1_116' title='bbox 643 2330 776 2383; x_wconf 90' lang='lat' dir='ltr'>unum</span> <span class='ocrx_word' id='word_1_117' title='bbox 794 2301 1003 2410; x_wconf 83' lang='lat' dir='ltr'>Scyticnm</span> <span class='ocrx_word' id='word_1_118' title='bbox 1031 2304 1232 2384; x_wconf 83' lang='lat' dir='ltr'>decedere</span> <span class='ocrx_word' id='word_1_119' title='bbox 1256 2301 1502 2408; x_wconf 83' lang='lat' dir='ltr'>contigisset,</span> <span class='ocrx_word' id='word_1_120' title='bbox 1521 2316 1603 2386; x_wconf 88' lang='lat' dir='ltr'>sta·</span> 
     </span>
     <span class='ocr_line' id='line_1_16' title="bbox 195 2425 1602 2532; baseline 0 -28"><span class='ocrx_word' id='word_1_121' title='bbox 195 2425 270 2506; x_wconf 88' lang='lat' dir='ltr'>tim</span> <span class='ocrx_word' id='word_1_122' title='bbox 304 2449 377 2532; x_wconf 89' lang='lat' dir='ltr'>pro</span> <span class='ocrx_word' id='word_1_123' title='bbox 410 2425 499 2532; x_wconf 91' lang='lat' dir='ltr'>ipso</span> <span class='ocrx_word' id='word_1_124' title='bbox 532 2425 635 2506; x_wconf 87' lang='lat' dir='ltr'>alter</span> <span class='ocrx_word' id='word_1_125' title='bbox 666 2426 909 2532; x_wconf 87' lang='lat' dir='ltr'>ponebatur.</span> <span class='ocrx_word' id='word_1_126' title='bbox 944 2425 1072 2506; x_wconf 74' lang='lat' dir='ltr'>Arma</span> <span class='ocrx_word' id='word_1_127' title='bbox 1105 2426 1274 2532; x_wconf 90' lang='lat' dir='ltr'>quidem</span> <span class='ocrx_word' id='word_1_128' title='bbox 1291 2425 1424 2530; x_wconf 87' lang='lat' dir='ltr'>gentis</span> <span class='ocrx_word' id='word_1_129' title='bbox 1442 2425 1531 2508; x_wconf 89' lang='lat' dir='ltr'>eius</span> <span class='ocrx_word' id='word_1_130' title='bbox 1549 2452 1602 2505; x_wconf 84' lang='lat' dir='ltr'>cx</span> 
     </span>
     <span class='ocr_line' id='line_1_17' title="bbox 196 2546 1603 2630; baseline 0.001 -3"><span class='ocrx_word' id='word_1_131' title='bbox 196 2546 306 2627; x_wconf 87' lang='lat' dir='ltr'>corio</span> <span class='ocrx_word' id='word_1_132' title='bbox 341 2547 522 2627; x_wconf 83' lang='lat' dir='ltr'>maxime</span> <span class='ocrx_word' id='word_1_133' title='bbox 556 2561 596 2626; x_wconf 92' lang='lat' dir='ltr'>et</span> <span class='ocrx_word' id='word_1_134' title='bbox 629 2547 805 2628; x_wconf 83' lang='lat' dir='ltr'>metallis</span> <span class='ocrx_word' id='word_1_135' title='bbox 838 2547 958 2629; x_wconf 86' lang='lat' dir='ltr'>variis</span> <span class='ocrx_word' id='word_1_136' title='bbox 992 2547 1267 2630; x_wconf 90' lang='lat' dir='ltr'>diuersimode</span> <span class='ocrx_word' id='word_1_137' title='bbox 1300 2547 1603 2629; x_wconf 88' lang='lat' dir='ltr'>fueruntlabo·</span> 
     </span>
     <span class='ocr_line' id='line_1_18' title="bbox 194 2668 1602 2776; baseline 0.004 -27"><span class='ocrx_word' id='word_1_138' title='bbox 194 2681 295 2771; x_wconf 88' lang='lat' dir='ltr'>rata,</span> <span class='ocrx_word' id='word_1_139' title='bbox 328 2696 448 2751; x_wconf 87' lang='lat' dir='ltr'>arcus</span> <span class='ocrx_word' id='word_1_140' title='bbox 481 2669 638 2750; x_wconf 85' lang='lat' dir='ltr'>habens</span> <span class='ocrx_word' id='word_1_141' title='bbox 672 2682 712 2748; x_wconf 90' lang='lat' dir='ltr'>et</span> <span class='ocrx_word' id='word_1_142' title='bbox 744 2669 908 2750; x_wconf 85' lang='lat' dir='ltr'>lanceas</span> <span class='ocrx_word' id='word_1_143' title='bbox 926 2670 1183 2752; x_wconf 89' lang='lat' dir='ltr'>acutissimas</span> <span class='ocrx_word' id='word_1_144' title='bbox 1201 2668 1362 2776; x_wconf 85' lang='lat' dir='ltr'>pariter,</span> <span class='ocrx_word' id='word_1_145' title='bbox 1382 2682 1422 2750; x_wconf 94' lang='lat' dir='ltr'>et</span> <span class='ocrx_word' id='word_1_146' title='bbox 1451 2670 1602 2754; x_wconf 87' lang='lat' dir='ltr'>cultros</span> 
     </span>
     <span class='ocr_line' id='line_1_19' title="bbox 194 2788 1600 2901; baseline 0 -29"><span class='ocrx_word' id='word_1_147' title='bbox 194 2791 403 2873; x_wconf 87' lang='lat' dir='ltr'>accinctos</span> <span class='ocrx_word' id='word_1_148' title='bbox 436 2792 476 2871; x_wconf 95' lang='lat' dir='ltr'>in</span> <span class='ocrx_word' id='word_1_149' title='bbox 509 2791 677 2872; x_wconf 88' lang='lat' dir='ltr'>femore.</span> <span class='ocrx_word' id='word_1_150' title='bbox 711 2788 990 2901; x_wconf 82' lang='lat' dir='ltr'>Galnerium³)</span> <span class='ocrx_word' id='word_1_151' title='bbox 1023 2819 1190 2899; x_wconf 88' lang='lat' dir='ltr'>quoque</span> <span class='ocrx_word' id='word_1_152' title='bbox 1209 2793 1314 2897; x_wconf 85' lang='lat' dir='ltr'>regis</span> <span class='ocrx_word' id='word_1_153' title='bbox 1335 2793 1455 2901; x_wconf 64' lang='lat' dir='ltr'>:ltyle</span> <span class='ocrx_word' id='word_1_154' title='bbox 1489 2793 1600 2899; x_wconf 90' lang='lat' dir='ltr'>quod</span> 
     </span>
     <span class='ocr_line' id='line_1_20' title="bbox 194 2913 1602 3018; baseline 0.001 -24"><span class='ocrx_word' id='word_1_155' title='bbox 194 2913 238 2994; x_wconf 91' lang='lat' dir='ltr'>in</span> <span class='ocrx_word' id='word_1_156' title='bbox 269 2939 346 2996; x_wconf 91' lang='lat' dir='ltr'>suo</span> <span class='ocrx_word' id='word_1_157' title='bbox 390 2926 507 2995; x_wconf 87' lang='lat' dir='ltr'>scuto</span> <span class='ocrx_word' id='word_1_158' title='bbox 548 2924 708 3018; x_wconf 88' lang='lat' dir='ltr'>gestare</span> <span class='ocrx_word' id='word_1_159' title='bbox 750 2928 1035 3016; x_wconf 87' lang='lat' dir='ltr'>consueuerat,</span> <span class='ocrx_word' id='word_1_160' title='bbox 1072 2915 1382 2995; x_wconf 89' lang='lat' dir='ltr'>similitudinem</span> <span class='ocrx_word' id='word_1_161' title='bbox 1424 2915 1602 2996; x_wconf 89' lang='lat' dir='ltr'>austnris</span> 
     </span>
     <span class='ocr_line' id='line_1_21' title="bbox 193 3035 1600 3142; baseline 0.001 -26"><span class='ocrx_word' id='word_1_162' title='bbox 193 3035 237 3116; x_wconf 93' lang='lat' dir='ltr'>in</span> <span class='ocrx_word' id='word_1_163' title='bbox 271 3035 406 3142; x_wconf 87' lang='lat' dir='ltr'>eapite</span> <span class='ocrx_word' id='word_1_164' title='bbox 439 3035 621 3116; x_wconf 89' lang='lat' dir='ltr'>habebat</span> <span class='ocrx_word' id='word_1_165' title='bbox 654 3064 747 3118; x_wconf 92' lang='lat' dir='ltr'>cum</span> <span class='ocrx_word' id='word_1_166' title='bbox 783 3063 944 3117; x_wconf 87' lang='lat' dir='ltr'>corona.</span> <span class='ocrx_word' id='word_1_167' title='bbox 963 3035 1081 3131; x_wconf 78' lang='lat' dir='ltr'>Quod</span> <span class='ocrx_word' id='word_1_168' title='bbox 1114 3037 1278 3142; x_wconf 90' lang='lat' dir='ltr'>signum</span> <span class='ocrx_word' id='word_1_169' title='bbox 1310 3037 1484 3140; x_wconf 86' lang='lat' dir='ltr'>hungari</span> <span class='ocrx_word' id='word_1_170' title='bbox 1501 3037 1600 3118; x_wconf 92' lang='lat' dir='ltr'>dum</span> 
     </span>
     <span class='ocr_line' id='line_1_22' title="bbox 194 3157 1602 3267; baseline -0.001 -27"><span class='ocrx_word' id='word_1_171' title='bbox 194 3185 240 3240; x_wconf 88' lang='lat' dir='ltr'>se</span> <span class='ocrx_word' id='word_1_172' title='bbox 274 3170 463 3262; x_wconf 86' lang='lat' dir='ltr'>regerent</span> <span class='ocrx_word' id='word_1_173' title='bbox 495 3185 569 3264; x_wconf 91' lang='lat' dir='ltr'>per</span> <span class='ocrx_word' id='word_1_174' title='bbox 601 3157 954 3261; x_wconf 86' lang='lat' dir='ltr'>connnunitatem,</span> <span class='ocrx_word' id='word_1_175' title='bbox 974 3186 1106 3265; x_wconf 90' lang='lat' dir='ltr'>usque</span> <span class='ocrx_word' id='word_1_176' title='bbox 1139 3172 1327 3265; x_wconf 88' lang='lat' dir='ltr'>tempora</span> <span class='ocrx_word' id='word_1_177' title='bbox 1358 3158 1475 3240; x_wconf 88' lang='lat' dir='ltr'>ducis</span> <span class='ocrx_word' id='word_1_178' title='bbox 1493 3157 1602 3267; x_wconf 89' lang='lat' dir='ltr'>Gey-</span> 
     </span>
     <span class='ocr_line' id='line_1_23' title="bbox 193 3279 1600 3388; baseline 0.001 -27"><span class='ocrx_word' id='word_1_179' title='bbox 193 3279 272 3361; x_wconf 89' lang='lat' dir='ltr'>cbe</span> <span class='ocrx_word' id='word_1_180' title='bbox 305 3279 377 3362; x_wconf 88' lang='lat' dir='ltr'>filii</span> <span class='ocrx_word' id='word_1_181' title='bbox 396 3280 558 3383; x_wconf 82' lang='lat' dir='ltr'>Toxun,</span> <span class='ocrx_word' id='word_1_182' title='bbox 576 3280 617 3360; x_wconf 93' lang='lat' dir='ltr'>in</span> <span class='ocrx_word' id='word_1_183' title='bbox 645 3281 830 3366; x_wconf 81' lang='lat' dir='ltr'>exercitu</span> <span class='ocrx_word' id='word_1_184' title='bbox 858 3308 1023 3388; x_wconf 90' lang='lat' dir='ltr'>semper</span> <span class='ocrx_word' id='word_1_185' title='bbox 1055 3281 1341 3362; x_wconf 89' lang='lat' dir='ltr'>communium</span> <span class='ocrx_word' id='word_1_186' title='bbox 1373 3293 1600 3386; x_wconf 86' lang='lat' dir='ltr'>gestauere.</span> 
     </span>
    </p>
   </div>
   <div class='ocr_carea' id='block_1_3' title="bbox 584 3535 1221 3643">
    <p class='ocr_par' dir='ltr' id='par_1_3' title="bbox 584 3535 1221 3643">
     <span class='ocr_line' id='line_1_24' title="bbox 584 3535 1221 3643; baseline -0.003 -20"><span class='ocrx_word' id='word_1_187' title='bbox 584 3542 633 3623; x_wconf 89' lang='lat' dir='ltr'>V.</span> <span class='ocrx_word' id='word_1_188' title='bbox 666 3535 959 3621; x_wconf 66' lang='lat' dir='ltr'>Continuatlo</span> <span class='ocrx_word' id='word_1_189' title='bbox 987 3539 1221 3643; x_wconf 77' lang='lat' dir='ltr'>Hysterie.</span> 
     </span>
    </p>
   </div>
   <div class='ocr_carea' id='block_1_4' title="bbox 188 3767 1601 4732">
    <p class='ocr_par' dir='ltr' id='par_1_4' title="bbox 188 3767 1601 4732">
     <span class='ocr_line' id='line_1_25' title="bbox 351 3767 1601 3878; baseline 0.002 -30"><span class='ocrx_word' id='word_1_190' title='bbox 351 3767 576 3876; x_wconf 90' lang='lat' dir='ltr'>Postquam</span> <span class='ocrx_word' id='word_1_191' title='bbox 608 3783 749 3852; x_wconf 87' lang='lat' dir='ltr'>autem</span> <span class='ocrx_word' id='word_1_192' title='bbox 782 3771 1002 3853; x_wconf 85' lang='lat' dir='ltr'>commisso</span> <span class='ocrx_word' id='word_1_193' title='bbox 1035 3771 1162 3878; x_wconf 88' lang='lat' dir='ltr'>prelio</span> <span class='ocrx_word' id='word_1_194' title='bbox 1195 3770 1238 3850; x_wconf 89' lang='lat' dir='ltr'>in</span> <span class='ocrx_word' id='word_1_195' title='bbox 1271 3768 1501 3850; x_wconf 84' lang='lat' dir='ltr'>Cezumaur</span> <span class='ocrx_word' id='word_1_196' title='bbox 1538 3795 1601 3850; x_wconf 90' lang='lat' dir='ltr'>re-</span> 
     </span>
     <span class='ocr_line' id='line_1_26' title="bbox 190 3889 1600 3994; baseline 0.001 -24"><span class='ocrx_word' id='word_1_197' title='bbox 190 3889 351 3973; x_wconf 90' lang='lat' dir='ltr'>dissent</span> <span class='ocrx_word' id='word_1_198' title='bbox 399 3890 500 3974; x_wconf 90' lang='lat' dir='ltr'>huni</span> <span class='ocrx_word' id='word_1_199' title='bbox 548 3920 643 3975; x_wconf 92' lang='lat' dir='ltr'>cnm</span> <span class='ocrx_word' id='word_1_200' title='bbox 692 3893 861 3974; x_wconf 79' lang='lat' dir='ltr'>victoria</span> <span class='ocrx_word' id='word_1_201' title='bbox 901 3893 953 3974; x_wconf 92' lang='lat' dir='ltr'>ad</span> <span class='ocrx_word' id='word_1_202' title='bbox 995 3919 1070 3974; x_wconf 90' lang='lat' dir='ltr'>sua</span> <span class='ocrx_word' id='word_1_203' title='bbox 1111 3892 1419 3994; x_wconf 87' lang='lat' dir='ltr'>thabernacnla,</span> <span class='ocrx_word' id='word_1_204' title='bbox 1453 3891 1600 3972; x_wconf 91' lang='lat' dir='ltr'>diebus</span> 
     </span>
     <span class='ocr_line' id='line_1_27' title="bbox 189 4012 1600 4122; baseline -0.001 -29"><span class='ocrx_word' id='word_1_205' title='bbox 189 4012 339 4121; x_wconf 84' lang='lat' dir='ltr'>paucis</span> <span class='ocrx_word' id='word_1_206' title='bbox 371 4013 478 4094; x_wconf 88' lang='lat' dir='ltr'>ultra</span> <span class='ocrx_word' id='word_1_207' title='bbox 508 4014 684 4098; x_wconf 87' lang='lat' dir='ltr'>Tisciam</span> <span class='ocrx_word' id='word_1_208' title='bbox 713 4044 808 4098; x_wconf 91' lang='lat' dir='ltr'>cum</span> <span class='ocrx_word' id='word_1_209' title='bbox 842 4017 1041 4097; x_wconf 85' lang='lat' dir='ltr'>uxoribus</span> <span class='ocrx_word' id='word_1_210' title='bbox 1079 4028 1406 4122; x_wconf 83' lang='lat' dir='ltr'>permanserunt,</span> <span class='ocrx_word' id='word_1_211' title='bbox 1439 4025 1480 4093; x_wconf 92' lang='lat' dir='ltr'>et</span> <span class='ocrx_word' id='word_1_212' title='bbox 1522 4012 1600 4093; x_wconf 89' lang='lat' dir='ltr'>hoc</span> 
     </span>
     <span class='ocr_line' id='line_1_28' title="bbox 188 4134 1600 4244; baseline -0.003 -26"><span class='ocrx_word' id='word_1_213' title='bbox 188 4139 302 4218; x_wconf 85' lang='lat' dir='ltr'>facto</span> <span class='ocrx_word' id='word_1_214' title='bbox 336 4161 409 4214; x_wconf 82' lang='lat' dir='ltr'>rex</span> <span class='ocrx_word' id='word_1_215' title='bbox 445 4137 567 4244; x_wconf 76' lang='lat' dir='ltr'>Atyla</span> <span class='ocrx_word' id='word_1_216' title='bbox 599 4137 647 4217; x_wconf 86' lang='lat' dir='ltr'>ad</span> <span class='ocrx_word' id='word_1_217' title='bbox 683 4166 813 4218; x_wconf 92' lang='lat' dir='ltr'>unum</span> <span class='ocrx_word' id='word_1_218' title='bbox 848 4137 956 4218; x_wconf 91' lang='lat' dir='ltr'>diem</span> <span class='ocrx_word' id='word_1_219' title='bbox 999 4137 1271 4244; x_wconf 85' lang='lat' dir='ltr'>sollempnem</span> <span class='ocrx_word' id='word_1_220' title='bbox 1315 4136 1469 4218; x_wconf 85' lang='lat' dir='ltr'>curiam</span> <span class='ocrx_word' id='word_1_221' title='bbox 1502 4134 1600 4214; x_wconf 89' lang='lat' dir='ltr'>fecit</span> 
     </span>
     <span class='ocr_line' id='line_1_29' title="bbox 190 4256 1599 4364; baseline -0.001 -26"><span class='ocrx_word' id='word_1_222' title='bbox 190 4257 445 4362; x_wconf 80' lang='lat' dir='ltr'>congregari.</span> <span class='ocrx_word' id='word_1_223' title='bbox 478 4257 524 4337; x_wconf 90' lang='lat' dir='ltr'>ln</span> <span class='ocrx_word' id='word_1_224' title='bbox 558 4286 682 4364; x_wconf 88' lang='lat' dir='ltr'>quam</span> <span class='ocrx_word' id='word_1_225' title='bbox 717 4257 907 4341; x_wconf 83' lang='lat' dir='ltr'>lletricus</span> <span class='ocrx_word' id='word_1_226' title='bbox 941 4260 991 4339; x_wconf 90' lang='lat' dir='ltr'>de</span> <span class='ocrx_word' id='word_1_227' title='bbox 1020 4259 1183 4340; x_wconf 87' lang='lat' dir='ltr'>Verona</span> <span class='ocrx_word' id='word_1_228' title='bbox 1215 4285 1308 4339; x_wconf 90' lang='lat' dir='ltr'>cum</span> <span class='ocrx_word' id='word_1_229' title='bbox 1344 4256 1599 4364; x_wconf 87' lang='lat' dir='ltr'>principibus</span> 
     </span>
     <span class='ocr_line' id='line_1_30' title="bbox 189 4375 1600 4486; baseline -0.004 -24"><span class='ocrx_word' id='word_1_230' title='bbox 189 4377 415 4462; x_wconf 87' lang='lat' dir='ltr'>Germanic</span> <span class='ocrx_word' id='word_1_231' title='bbox 447 4380 660 4480; x_wconf 86' lang='lat' dir='ltr'>accedens,</span> <span class='ocrx_word' id='word_1_232' title='bbox 680 4406 847 4460; x_wconf 91' lang='lat' dir='ltr'>omnem</span> <span class='ocrx_word' id='word_1_233' title='bbox 865 4375 1139 4486; x_wconf 63' lang='lat' dir='ltr'>arnaginem)</span> <span class='ocrx_word' id='word_1_234' title='bbox 1159 4393 1199 4460; x_wconf 91' lang='lat' dir='ltr'>et</span> <span class='ocrx_word' id='word_1_235' title='bbox 1216 4379 1488 4460; x_wconf 86' lang='lat' dir='ltr'>reuerentiam</span> <span class='ocrx_word' id='word_1_236' title='bbox 1518 4376 1600 4482; x_wconf 88' lang='lat' dir='ltr'>regi</span> 
     </span>
     <span class='ocr_line' id='line_1_31' title="bbox 188 4499 1600 4610; baseline -0.003 -26"><span class='ocrx_word' id='word_1_237' title='bbox 188 4500 317 4609; x_wconf 79' lang='lat' dir='ltr'>Atyle</span> <span class='ocrx_word' id='word_1_238' title='bbox 349 4499 497 4582; x_wconf 85' lang='lat' dir='ltr'>fecisse</span> <span class='ocrx_word' id='word_1_239' title='bbox 530 4502 780 4610; x_wconf 85' lang='lat' dir='ltr'>perhibetur.</span> <span class='ocrx_word' id='word_1_240' title='bbox 815 4501 1025 4610; x_wconf 85' lang='lat' dir='ltr'>Suggessit</span> <span class='ocrx_word' id='word_1_241' title='bbox 1074 4503 1210 4609; x_wconf 89' lang='lat' dir='ltr'>itaque</span> <span class='ocrx_word' id='word_1_242' title='bbox 1259 4501 1342 4606; x_wconf 89' lang='lat' dir='ltr'>regi</span> <span class='ocrx_word' id='word_1_243' title='bbox 1374 4499 1423 4581; x_wconf 90' lang='lat' dir='ltr'>ad</span> <span class='ocrx_word' id='word_1_244' title='bbox 1464 4514 1600 4606; x_wconf 89' lang='lat' dir='ltr'>partes</span> 
     </span>
     <span class='ocr_line' id='line_1_32' title="bbox 188 4622 1598 4732; baseline -0.007 -24"><span class='ocrx_word' id='word_1_245' title='bbox 188 4622 471 4708; x_wconf 87' lang='lat' dir='ltr'>occidentales</span> <span class='ocrx_word' id='word_1_246' title='bbox 504 4625 772 4732; x_wconf 88' lang='lat' dir='ltr'>personaliter</span> <span class='ocrx_word' id='word_1_247' title='bbox 814 4626 1023 4726; x_wconf 73' lang='lat' dir='ltr'>accedere,</span> <span class='ocrx_word' id='word_1_248' title='bbox 1056 4624 1127 4706; x_wconf 92' lang='lat' dir='ltr'>ubi</span> <span class='ocrx_word' id='word_1_249' title='bbox 1171 4650 1368 4727; x_wconf 88' lang='lat' dir='ltr'>magnum</span> <span class='ocrx_word' id='word_1_250' title='bbox 1402 4622 1598 4702; x_wconf 89' lang='lat' dir='ltr'>bonorem</span> 
     </span>
    </p>
   </div>
   <div class='ocr_carea' id='block_1_5' title="bbox 187 4899 1597 5106">
    <p class='ocr_par' dir='ltr' id='par_1_5' title="bbox 187 4899 1597 5106">
     <span class='ocr_line' id='line_1_33' title="bbox 219 4899 1597 5080; baseline -0.012 -100"><span class='ocrx_word' id='word_1_251' title='bbox 219 5009 226 5020; x_wconf 93' lang='lat'><em>.</em></span> <span class='ocrx_word' id='word_1_252' title='bbox 304 4901 329 5002; x_wconf 82' lang='lat'>¹)</span> <span class='ocrx_word' id='word_1_253' title='bbox 359 4901 566 5080; x_wconf 68' lang='lat' dir='ltr'>reTplebatur.</span> <span class='ocrx_word' id='word_1_254' title='bbox 606 4905 718 4996; x_wconf 88' lang='lat' dir='ltr'>suppl.</span> <span class='ocrx_word' id='word_1_255' title='bbox 749 4904 786 4976; x_wconf 85' lang='lat' dir='ltr'>T.</span> <span class='ocrx_word' id='word_1_256' title='bbox 818 4903 845 4993; x_wconf 80' lang='lat'>²)</span> <span class='ocrx_word' id='word_1_257' title='bbox 873 4901 942 4974; x_wconf 84' lang='lat' dir='ltr'>rix.</span> <span class='ocrx_word' id='word_1_258' title='bbox 981 4902 1056 4974; x_wconf 90' lang='lat' dir='ltr'>add.</span> <span class='ocrx_word' id='word_1_259' title='bbox 1087 4901 1125 4973; x_wconf 81' lang='grc' dir='ltr'>Τ.</span> <span class='ocrx_word' id='word_1_260' title='bbox 1165 4905 1194 4992; x_wconf 84' lang='lat'>³)</span> <span class='ocrx_word' id='word_1_261' title='bbox 1223 4899 1409 4972; x_wconf 86' lang='lat' dir='ltr'>bancrinm.</span> <span class='ocrx_word' id='word_1_262' title='bbox 1449 4902 1478 4989; x_wconf 80' lang='lat'>⁴)</span> <span class='ocrx_word' id='word_1_263' title='bbox 1506 4919 1597 4974; x_wconf 77' lang='lat' dir='ltr'>oma-</span> 
     </span>
     <span class='ocr_line' id='line_1_34' title="bbox 187 5030 417 5106; baseline -0.009 -25"><span class='ocrx_word' id='word_1_264' title='bbox 187 5030 346 5106; x_wconf 82' lang='lat' dir='ltr'>grouem.</span> <span class='ocrx_word' id='word_1_265' title='bbox 410 5063 417 5079; x_wconf 95' lang='lat'><strong>.</strong></span> 
     </span>
    </p>
   </div>
   <div class='ocr_carea' id='block_1_6' title="bbox 0 0 1954 5762">
    <p class='ocr_par' dir='ltr' id='par_1_6' title="bbox 0 0 1954 5762">
     <span class='ocr_line' id='line_1_35' title="bbox 0 0 1954 5762; baseline 0 2"><span class='ocrx_word' id='word_1_266' title='bbox 0 0 1954 5762; x_wconf 95' lang='lat' dir='ltr'> </span> 
     </span>
    </p>
   </div>
  </div>
 </body>
</html>
