3896 5758
324 742 525 834 auxilinm
561 761 702 832 contra
733 749 999 832 Salomonem
1032 761 1214 849 uenerat,
1262 747 1449 856 promisit
1481 775 1525 831 se
1558 745 1600 830 in
1632 774 1731 857 pro-

321 874 411 981 pria
442 899 620 980 persona
652 900 746 954 eum
781 872 1033 958 adiuturum.
1052 871 1329 977 Habebatque
1361 897 1436 951 rex
1470 897 1612 953 secmn
1647 871 1731 954 lra-

320 1012 403 1079 tres
435 1021 532 1078 suos
571 995 677 1077 filios
709 995 844 1104 Geyse
886 994 990 1100 regis
1034 992 1308 1075 Colomanum
1342 1005 1383 1073 et
1414 993 1598 1075 Almum.
1632 992 1731 1074 Pro-

320 1117 631 1224 nosticatusque
664 1117 719 1197 ita
752 1129 838 1197 erat
869 1143 943 1198 rex
979 1117 1030 1196 de
1064 1113 1302 1214 Coloman0,
1351 1115 1448 1221 quia
1487 1116 1602 1197 fusor
1633 1142 1731 1198 san·

321 1240 455 1346 guinis
487 1239 615 1320 fieret.
633 1238 774 1321 Voluit
807 1239 916 1319 enim
939 1237 1182 1344 Agriensem
1202 1237 1443 1344 episcopum
1464 1263 1559 1318 eum
1578 1238 1730 1319 lacere.

321 1361 509 1444 Audiens
543 1361 687 1442 eadem
721 1374 842 1442 nocte
875 1360 1045 1443 secessit
1076 1360 1119 1439 in
1150 1358 1375 1458 Poloniam,
1409 1357 1582 1441 audiens
1616 1359 1731 1466 quod

321 1499 439 1592 pater
471 1483 559 1564 eius
592 1495 634 1563 et
663 1508 768 1564 auus
802 1481 928 1590 (101)
952 1481 1118 1562 Polonie
1136 1479 1359 1561 honorifice
1377 1481 1558 1588 suscepti
1577 1495 1731 1564 essent.

320 1605 461 1688 Securi
493 1616 591 1686 sunt
622 1632 717 1686 eum
751 1605 802 1685 de
834 1602 1048 1708 Hungaria
1079 1601 1241 1684 Marcus
1275 1614 1316 1682 et
1348 1600 1457 1708 Vgra
1488 1616 1529 1683 et
1560 1602 1640 1685 alii.

476 1725 564 1808 Rex
599 1738 739 1808 autem
773 1739 1017 1832 congregato
1051 1723 1238 1805 exercitu
1270 1749 1356 1823 suu,
1384 1724 1494 1831 cepit
1508 1725 1567 1806 ire
1586 1738 1732 1807 contra

321 1849 527 1932 Bohemos
560 1861 727 1955 propter
757 1848 949 1929 iniuriam
981 1847 1143 1954 nepotis
1176 1846 1252 1928 sui.
1301 1844 1407 1926 Cum
1451 1859 1593 1929 autem
1634 1874 1730 1954 per·

319 1973 504 2054 uenisset
535 1969 577 2050 in
610 1971 834 2051 confinium
866 1970 1157 2070 Bohemorum,
1206 1969 1342 2072 grauis
1382 1967 1596 2052 infirmitas
1630 1997 1730 2053 eum

320 2093 484 2176 inuasit.
502 2091 834 2198 Conuocatisque
866 2092 1122 2199 principibus
1155 2091 1240 2172 suis
1258 2090 1308 2170 ad
1327 2088 1600 2172 Colomnnum
1620 2120 1730 2174 nun-

321 2217 405 2298 cios
449 2214 571 2318 misit,
613 2210 810 2321 scilicet¹)
860 2213 1103 2294 Marcellum
1151 2212 1420 2320 prepositum,
1471 2227 1512 2294 et
1559 2214 1729 2298 Petrum

322 2338 527 2440 comitem,
571 2348 619 2418 ut
657 2336 707 2416 ad
750 2335 1005 2442 Hungan'am
1051 2346 1338 2417 reuerteretur.
1389 2333 1543 2418 Beatus
1584 2351 1729 2419 autern

320 2459 535 2542 Ladizlaus
567 2458 625 2541 sic
658 2457 873 2562 ordinauit,
907 2469 955 2540 ut
985 2469 1079 2565 post
1109 2457 1247 2563 ipsum
1272 2457 1418 2540 Almus
1436 2473 1636 2564 regnaret,
1656 2460 1729 2568 qui

321 2583 481 2666 sincera
512 2579 775 2687 simplicitate
809 2581 958 2663 ductus
990 2578 1209 2661 honorauit
1249 2580 1413 2660 fratrem
1448 2607 1571 2662 suum
1605 2579 1730 2664 Colo·

321 2730 504 2806 manum,
537 2702 781 2813 preferendo
815 2703 892 2786 sibi
925 2729 1119 2784 coronam
1152 2700 1277 2807 regni,
1312 2714 1523 2809 tamquam
1553 2703 1620 2784 cui
1640 2705 1730 2786 iure

320 2826 641 2934 primogenitum
675 2825 895 2908 uidebatur·
927 2837 1175 2931 competere.

477 2945 516 3028 Si
550 2973 677 3054 quem
709 2961 848 3030 autem
883 2947 986 3030 scire
1019 2946 1208 3044 delectat,
1231 2957 1334 3053 quot
1353 2961 1395 3027 et
1426 2959 1582 3053 quanta
1616 2949 1726 3030 bona

320 3069 431 3177 genti
464 3097 538 3152 sue
570 3071 718 3152 beatus
749 3069 964 3151 ladizlaus
997 3068 1105 3166 fecit,
1127 3067 1178 3148 de
1196 3067 1320 3173 gestis
1339 3069 1525 3150 eiusdem
1554 3069 1724 3176 plenam

319 3192 470 3301 poterit
502 3191 654 3273 habere
687 3191 887 3273 notitiam.
921 3190 1145 3272 Sanctitate
1178 3189 1301 3295 igitur·
1333 3202 1374 3270 et
1405 3191 1540 3296 gracia
1572 3193 1725 3299 plenus

320 3316 479 3396 transiit
511 3314 562 3395 ad
595 3314 807 3396 consorcia
838 3314 1080 3418 angelorum
1113 3338 1222 3393 anno
1256 3313 1368 3417 regni
1401 3314 1465 3396 sni
1497 3313 1645 3395 XIX-o
1683 3330 1726 3396 ot

320 3437 509 3543 sepultus
527 3435 736 3518 Waradini
768 3436 808 3515 in
827 3435 1075 3518 monasterio
1093 3461 1181 3516 suo
1202 3435 1323 3514 Anno
1346 3435 1501 3516 domini
1521 3434 1724 3518 MXCV·o

319 3558 423 3639 Ill-o
455 3557 545 3641 Kal.
582 3557 760 3663 Augusti
791 3558 893 3639 feria
925 3557 1068 3665 prima.

321 3799 444 3880 LXV.
477 3793 677 3878 Sanctus
712 3819 795 3878 rex
830 3795 1081 3876 Ladizlaus
1114 3795 1325 3896 moritur,
1361 3803 1409 3877 et
1444 3793 1724 3879 colomanus

371 3935 494 4015 filius
518 3932 672 4038 Geyse
699 3937 901 4041 regiain
928 3958 1089 4054 regern
1116 3936 1343 4039 legittime
1371 3937 1670 4038 coronatura>

477 4164 728 4248 Colomauus
760 4167 900 4274 itaque
933 4167 1041 4250 filins
1074 4167 1180 4273 regis
1198 4166 1332 4275 Geyse
1351 4168 1402 4247 oe
1420 4167 1588 4249 Polonia
1608 4169 1722 4250 lesti-

320 4300 468 4368 nanter·
508 4287 640 4390 rediit,
673 4303 714 4370 et
754 4302 973 4372 coronatus
1016 4301 1088 4392 est,
1123 4301 1164 4369 et
1205 4289 1300 4370 (luci
1334 4289 1482 4372 Almus
1523 4289 1723 4372 ducatum

319 4409 503 4518 plenario
538 4410 664 4517 (102)
699 4412 914 4494 concessit.
948 4413 993 4493 ln
1029 4411 1147 4493 ouius
1174 4411 1296 4492 etiam
1316 4412 1574 4518 temporibus
1594 4412 1724 4494 multa

320 4531 430 4613 mala
461 4549 558 4613 sunt
590 4546 825 4640 perpetrata
856 4547 903 4614 ut
935 4533 1103 4616 inferius
1136 4531 1305 4638 patebit.
1328 4533 1424 4614 Erat
1441 4559 1625 4642 uanique
1654 4535 1724 4616 lio·

320 4654 410 4735 bitu
443 4653 623 4760 corporis
656 4655 1078 4764 conteiiiptibili5‚sed
1106 4666 1267 4737 astutus
1301 4670 1341 4735 et
1373 4655 1527 4755 docilis,
1564 4655 1723 4765 ispirlus

321 4841 528 4852 ann——

428 4905 452 5008 ¹)
481 4911 517 4986 in
548 4913 629 4986 God.
660 4936 745 4987 scm.
775 4917 941 5004 sanctum,
972 4914 1057 5008 legit
1085 4915 1125 4988 T.

424 5015 458 5116 *)
487 5017 538 5092 Do
566 5017 747 5093 Golomano
776 5040 856 5112 rege
884 5017 974 5092 dicto
1003 5019 1148 5093 (lunues.
1177 5017 1219 5090 A.
