3900 5762
204 701 285 807 bat,
319 703 521 813 incipiens
553 705 739 788 similiter
771 705 810 786 in
846 704 1055 786 Pannonia
1090 717 1184 811 post
1215 697 1433 786 Hunorum
1467 713 1606 786 exter-

202 827 379 908 minium
412 828 626 909 dominari.
660 827 782 908 Hunc
806 829 985 934 »quidem
1019 826 1202 932 Hungari
1236 827 1286 906 de
1323 826 1450 908 fluuio
1483 825 1610 932 Hung

203 949 324 1031 variis
357 950 599 1032 muneribus
631 950 825 1032 allectum
860 963 901 1030 et
932 949 1087 1030 nuntiis
1121 949 1397 1055 explorantes
1417 948 1606 1030 conside·

201 1085 289 1152 rata
322 1071 431 1154 illius
463 1067 648 1178 militia¹)
681 1071 912 1172 immunita,
946 1072 1082 1178 ipsum
1111 1071 1342 1177 Zuataplug
1383 1071 1606 1177 irruptione

202 1193 340 1276 subita
371 1219 500 1301 prope
537 1193 712 1276 fluuium
746 1189 921 1300 Racns²)
965 1194 1081 1274 iuxta
1114 1192 1300 1273 Banhida
1341 1193 1383 1273 in
1425 1193 1605 1298 quodam

202 1315 368 1422 oppido,
402 1315 519 1397 cuius
552 1314 779 1424 interrupta
810 1315 946 1396 adhue.
978 1314 1173 1417 eminent,
1208 1342 1301 1396 oum
1346 1327 1431 1395 tota
1464 1314 1607 1395 militia

202 1453 482 1544 peremerunt,
518 1450 558 1517 et
598 1438 655 1518 sio
688 1437 897 1517 Pannonie
946 1437 1122 1544 populis,
1156 1437 1227 1543 qui
1274 1436 1463 1544 superius
1510 1451 1607 1518 sunt

200 1559 329 1640 notati
363 1560 608 1666 inceperunt
639 1559 852 1640 dominari.
895 1559 1080 1640 Tradunt
1123 1559 1304 1666 quidam,
1339 1559 1450 1665 quod
1486 1558 1605 1640 Hun-

199 1682 284 1786 gari
318 1680 451 1764 Morot
498 1707 579 1762 non
612 1681 841 1788 Zuataplug
873 1682 913 1760 in
963 1681 1146 1762 secundo
1195 1706 1337 1762 eorum
1386 1681 1521 1762 reditu
1563 1681 1603 1761 in

200 1804 414 1886 Pannonia
445 1804 693 1911 reperissent
725 1803 1039 1910 principantem.
1072 1802 1162 1882 Hoc
1179 1802 1331 1884 idcirco
1350 1829 1439 1885 esse
1466 1803 1603 1906 habet,

199 1927 298 2032 qnia
331 1925 464 2007 Morot
496 1939 613 2033 pater
645 1926 732 2007 eius
765 1926 933 2007 nomine
974 1925 1104 2006 maior
1145 1938 1242 2026 erat,
1276 1925 1347 2007 sed
1391 1925 1604 2007 confectus

197 2049 314 2130 senio
347 2047 667 2156 repausabatin
702 2063 833 2128 castro
868 2049 976 2154 qnod
1012 2048 1211 2154 Bezprem
1245 2047 1492 2128 nominatur.
1515 2050 1602 2128 Au·

196 2171 282 2251 dito
316 2170 537 2251 infortunio
571 2170 682 2276 quod
713 2169 796 2250 filio
829 2170 1045 2272 acciderat,
1058 2183 1198 2250 morte
1232 2169 1369 2252 subita
1401 2170 1454 2250 ob
1488 2169 1602 2250 dolo-

196 2321 281 2374 rem
319 2291 452 2372 finiuit
483 2285 610 2371 vitam
643 2309 781 2392 suam3
830 2291 937 2374 filius
970 2292 1140 2374 veroin
1175 2291 1426 2373 dominando
1464 2319 1601 2374 nouus

197 2429 295 2496 erat.
329 2408 674 2513 Expuottfubor
699 2409 876 2513 primus
904 2408 995 2508 ἅθ’)
1022 2409 1226 2490 introitu.

825 2615 977 2629 --ὴ--υι-ὶ...

408 2736 602 2827 tantm
632 2736 896 2809 tituenus
930 2738 1072 2808 UBER
1106 2738 1164 2808 ΒΕ
1197 2737 1394 2811 ΒΕΒΙῘῑΙ.

785 2936 961 3018 meur
992 2937 1022 3018 Ι.
1217 2891 1220 2896 ’

357 3140 425 3225 17.
458 3143 635 3251 Digestis
669 3171 763 3250 ergo
797 3145 1013 3229 Hunorum
1048 3147 1267 3249 natalibus,
1302 3145 1440 3253 preliis
1472 3145 1601 3227 telici·

194 3268 272 3350 bns
317 3281 359 3348 et
400 3267 583 3370 sinistris,
633 3269 909 3374 quotiensque
958 3296 1034 3350 sna
1080 3269 1171 3350 loca
1219 3263 1600 3374 irnruutauer·unt,⁴)

194 3418 307 3472 nunc
341 3389 568 3471 videndum
602 3403 664 3470 est
696 3416 779 3496 quo
811 3403 997 3497 tempore
1041 3391 1234 3471 redierint
1273 3390 1315 3470 in
1347 3390 1601 3471 Pannoniam

196 3513 354 3613 iterato,
389 3524 429 3591 et
467 3512 537 3618 qui
577 3512 729 3592 fuerint
775 3513 1038 3594 redeuntium
1082 3513 1298 3620 capitanei,
1336 3527 1601 3619 quantusque

196 3661 397 3716 numerus
430 3645 694 3736 armatorum,
727 3636 909 3741 presenti
942 3636 1143 3742 opusculo
1177 3661 1385 3742 apponere
1427 3635 1597 3740 dignum

197 3755 314 3838 duxi.

358 3877 426 3960 18.
459 3877 693 3984 imperante
727 3905 822 3984 ergo
856 3877 1006 3960 Ottone
1039 3878 1178 3960 Saeuo
1209 3879 1261 3958 'in
1299 3879 1521 3960 Germania
1562 3893 1603 3960 et

197 3999 326 4101 Italia,
362 4000 401 4080 in
434 3999 604 4080 Francia
637 3999 849 4082 Ludouioo
882 4027 977 4106 rege
1010 4001 1188 4081 Lotharii
1220 4000 1316 4102 filio,
1338 4013 1379 4082 et
1411 4001 1601 4082 Greciam

199 4119 422 4228 Antonio⁵)
471 4119 584 4202 Duro
632 4121 715 4202 filio
758 4122 959 4202 Theodori
1008 4124 1266 4228 gubernante
1305 4121 1601 4218 DCCCLXXH

197 4269 306 4324 anno
340 4245 392 4323 ab
426 4243 705 4324 incarnatione
738 4244 840 4326 ‚lesu
872 4243 1032 4346 Christi,
1052 4244 1162 4326 Huni
1195 4245 1284 4324 siue
1317 4244 1501 4350 Hungari
1528 4245 1600 4324 de·

198 4393 281 4446 nno
315 4365 486 4471 ingressi
517 4366 558 4445 in
592 4365 846 4447 Pannoniam
879 4364 1163 4474 transieram)
1197 4393 1272 4474 per
1303 4393 1429 4473 regna
1453 4367 1601 4450 Besso·

198 4515 301 4590 unu,
335 4487 538 4568 Alborum
572 4486 861 4590 Cottianorum,
897 4502 937 4569 et
980 4489 1190 4572 ciuitatem
1232 4487 1334 4595 ayo,
1369 4501 1411 4570 et
1451 4489 1601 4570 deinde

198 4609 237 4690 iu
268 4609 396 4692 fluuio
429 4608 555 4714 Hung
586 4624 744 4710 vocato,
777 4611 849 4691 ubi
882 4623 1063 4692 castrum
1095 4610 1326 4693 fundauere
1343 4611 1600 4694 resederunt.

204 4977 211 4986 ἡ
303 4884 775 4979 authorisamus.
816 4883 842 4984 ³)
872 4888 925 4960 He
970 4888 1047 4961 add.
1094 4887 1214 4980 primo.
1255 4892 1283 4980 ⁴)
1330 4887 1598 4962 immirtauerint.

202 4991 228 5080 “t
253 4989 442 5064 Antonino.
474 4989 501 5090 6)
530 4991 754 5064 trarrsierunt.
