4024 5776
879 495 1034 614 um

410 723 542 801 Nostra
572 723 668 820 parui
697 724 803 799 refert
830 726 964 800 hlarcns
993 748 1034 799 ne
1063 723 1167 798 fuerit
1195 746 1238 797 an
1266 723 1365 799 Gaius
1394 746 1515 799 nomen
1544 718 1656 820 ignoti

254 847 417 944 hominis,
448 850 662 942 codicemque
691 847 788 920 illum
816 869 916 940 quem
943 846 1164 922 doctissimus
1201 847 1310 941 Toldy
1337 847 1450 941 amplo
1479 849 1513 920 et
1539 848 1656 940 splen·

256 970 334 1044 dido
362 976 529 1065 apparatu
556 969 673 1059 edidit,
703 969 837 1042 Pictum
865 969 1128 1044 Vindobonense
1148 969 1370 1063 appellamus.
1390 969 1441 1042 De
1461 969 1523 1044 hoc
1542 967 1656 1043 codice

255 1093 306 1168 sic
334 1093 464 1186 primus
491 1092 603 1166 editor
631 1091 666 1164 in
694 1090 925 1185 praefatione:
958 1093 1065 1180 ,Post
1093 1092 1249 1166 onolntos
1278 1091 1484 1185 quingentos
1505 1094 1539 1165 et
1565 1091 1656 1165 ultra

254 1238 374 1306 annoS,
411 1214 561 1288 omnium
595 1213 652 1308 qui
690 1213 836 1286 aetatem
864 1213 1016 1286 tulerunt
1034 1213 1187 1288 codicum
1204 1213 1245 1286 ad
1265 1214 1359 1307 leges
1378 1213 1517 1288 criticae
1537 1217 1656 1287 exacta

255 1337 448 1428 collatione,
492 1361 599 1411 nnnc
640 1335 817 1430 primum
858 1333 1092 1428 pristinae
1133 1358 1181 1409 ac
1221 1333 1451 1428 gerrnninae
1493 1335 1655 1409 formae

256 1481 364 1534 snae
383 1459 606 1534 restituta
624 1455 850 1558 (compilatio)
867 1457 958 1552 typis
975 1456 1240 1552 elegantissimis
1255 1456 1439 1550 exscripta,
1460 1455 1656 1530 iconibnsue

256 1581 361 1656 mirae
394 1581 479 1656 artis
517 1585 638 1655 ornata
673 1577 748 1653 orbi
783 1577 938 1653 literaria
977 1581 1155 1653 offertur.“
1192 1579 1409 1652 llnnmcratis
1447 1578 1567 1652 deinde
1607 1579 1653 1652 12

253 1703 380 1798 partim
417 1703 556 1797 scriptis
594 1701 719 1796 partim
757 1701 935 1796 impressis
969 1700 1146 1776 chronicis
1183 1724 1259 1776 cnm
1295 1700 1418 1794 quibus
1456 1704 1655 1774 contextum

254 1826 457 1914 contulerat,
487 1824 675 1900 concludit:
710 1823 861 1918 ,Quibus
889 1822 1105 1899 adminiculis
1134 1821 1217 1896 mihi
1245 1822 1362 1896 adinto
1390 1844 1489 1896 curae
1508 1821 1585 1912 fnit,
1617 1827 1654 1895 nt

253 1951 452 2024 contextum
479 1951 644 2040 quiantnm
671 1945 745 2020 fieri
785 1945 897 2039 potnit
933 1946 1159 2019 sincerum
1195 1945 1321 2032 darem,
1356 1943 1444 2018 nihil
1477 1966 1655 2038 apponens

254 2069 344 2164 quod
372 2091 439 2143 non
468 2069 509 2143 ad
537 2068 639 2142 fidem
675 2067 866 2161 cuiuspiam
905 2067 1018 2141 exiis
1055 2068 1127 2142 cod.
1164 2071 1320 2141 exactum
1358 2065 1414 2158 sit,
1450 2067 1508 2160 qui
1546 2067 1655 2162 ipsius

253 2191 360 2268 hiarci
396 2190 671 2284 compilationem
709 2189 869 2264 reddunt.
908 2192 949 2263 In
988 2188 1184 2264 nominibus
1222 2189 1391 2263 duntaxat
1425 2189 1575 2283 propriis
1603 2190 1654 2264 lo·

253 2337 370 2390 eornm
398 2333 700 2407 personarumque,
730 2334 816 2405 qnae
845 2314 887 2386 ob
918 2311 1139 2386 librariorum
1158 2309 1331 2386 inscitiam
1351 2309 1553 2404 saepissime
1572 2311 1657 2386 mire

253 2441 416 2530 corrnpta
434 2439 526 2527 sunt,
546 2435 757 2526 adoptandas
778 2434 874 2507 inere
892 2433 1057 2508 lectiones
1077 2433 1223 2508 aliorum
1242 2455 1377 2526 quoque
1397 2433 1654 2526 exemplarium,

252 2580 340 2652 qnae
351 2581 417 2630 non
433 2579 450 2631 e
465 2558 589 2644 llaroo,
603 2556 662 2628 sed
673 2577 690 2629 e
701 2555 936 2630 cornmnnibns
953 2577 1030 2630 oum
1044 2556 1161 2630 eodem
1177 2554 1332 2628 fontibus
1347 2577 1409 2628 sua
1426 2555 1651 2632 hauserunt.“

409 2679 507 2753 Noua
532 2678 614 2751 haec
641 2701 662 2750 a
689 2677 788 2752 docto
826 2677 899 2752 niro
937 2677 1126 2752 constituta
1155 2677 1281 2752 codicis
1317 2676 1419 2751 lectio
1457 2676 1656 2752 satisfacere

251 2801 390 2896 quidem
416 2799 544 2894 poterit
571 2799 769 2890 lectoribus,
799 2801 934 2873 modum
954 2802 1087 2873 tantum
1108 2804 1141 2873 el
1161 2798 1285 2873 seriem
1304 2822 1417 2872 rernm
1438 2804 1653 2874 narratarum

251 2925 341 2998 scire
368 2921 585 3008 nolentibns;
616 2943 683 2994 non
711 2944 789 2995 nero
818 2921 901 3012 illis,
931 2920 989 3018 qni
1017 2921 1058 2994 de
1086 2924 1196 2995 aetate
1225 2920 1328 2994 etiam
1357 2926 1391 2995 et
1414 2920 1480 2994 fide
1501 2922 1652 2997 auctoris

250 3045 399 3121 certiora
427 3067 528 3120 rrosse
562 3047 737 3138 exoptant.
780 3046 889 3118 Multa
929 3066 1158 3137 eorumquae
1194 3043 1247 3117 uir
1283 3044 1402 3118 doctus
1445 3043 1650 3135 immutarit,

249 3167 419 3244 attentius
447 3166 679 3242 consideranti
712 3170 798 3243 bene
832 3167 947 3262 posita
983 3165 1092 3240 fnisse
1124 3164 1341 3239 uidebuntur.
1384 3165 1455 3238 Nec
1491 3165 1654 3240 librarius

250 3291 311 3386 qni
338 3289 487 3364 codicem
515 3290 607 3384 typis
635 3289 887 3383 inprimendnm
914 3287 1110 3381 exscripsit,
1154 3286 1266 3361 officio
1303 3310 1364 3361 sno
1399 3285 1525 3380 ubique
1566 3288 1654 3362 hene

249 3414 390 3487 functus
417 3411 485 3486 dici
513 3416 639 3506 potest.

408 3534 538 3609 Doctus
566 3533 677 3608 editor
705 3534 815 3608 locum
843 3532 985 3608 codicis:
1019 3533 1236 3626 ,Secundum
1264 3531 1453 3624 Josephnm
1486 3553 1506 3604 a
1542 3531 1653 3606 Tauro

250 3661 287 3732 et
314 3655 481 3731 Amano
508 3655 682 3730 montibus
712 3657 735 3731 S
746 3655 892 3750 pcilie
920 3661 954 3729 ot
988 3653 1122 3750 Syrie.“
1152 3675 1186 3746 p.
1217 3655 1251 3726 3.
1281 3652 1330 3726 ita
1358 3653 1514 3726 emendat
1542 3675 1560 3726 o
1587 3655 1655 3727 Tu·

250 3777 365 3852 rocio:
398 3800 440 3866 ,a
466 3778 577 3852 Tauro
606 3785 640 3850 et
659 3779 771 3852 Imao
796 3776 970 3851 montibus
990 3774 1202 3870 Scythiae
1221 3779 1255 3848 et
1275 3773 1429 3869 Syriae.“
1453 3776 1525 3849 Nec
1545 3781 1652 3850 recte.

251 3898 383 3974 Scribit
410 3899 501 3973 enim
527 3899 686 3974 laudatus
714 3899 748 3972 in
777 3899 891 3974 codice
919 3899 1092 3993 Josephus
1122 3897 1263 3991 Antiqq.
1293 3898 1321 3971 I.
1346 3899 1380 3970 6.
1405 3896 1447 3972 l:
1481 3898 1652 3991 ,iapheth

250 4021 345 4096 lilius
373 4022 446 4095 Nee
475 4028 607 4116 septem
633 4020 753 4096 hahuit
781 4021 883 4112 filios,
914 4021 971 4115 qni
1003 4020 1156 4097 incolunt
1184 4019 1377 4114 incipiendo
1405 4043 1425 4094 a
1452 4021 1600 4094 Tauro
1620 4025 1654 4093 et

250 4145 414 4220 Amano
442 4143 615 4219 montibus
643 4149 731 4218 etc.“
775 4143 927 4218 hmarrns
956 4167 1035 4218 nero
1062 4146 1203 4217 uocatur
1231 4165 1328 4217 rnons
1370 4165 1437 4216 non
1480 4141 1653 4236 Scythiae,

250 4267 311 4341 sed
340 4265 490 4356 Ciliciae,
529 4289 590 4340 nec
627 4268 745 4359 procul
781 4267 888 4340 distat
916 4289 936 4340 a
962 4267 1086 4355 Tauro,
1127 4269 1216 4339 teste
1258 4264 1419 4340 Cicerone
1460 4262 1655 4357 provinciae

250 4389 423 4482 qnondam
456 4389 681 4482 proconsule:
715 4388 926 4483 „Confestim
954 4388 1021 4462 iter
1053 4387 1088 4461 in
1126 4386 1279 4461 Ciliciam
1320 4386 1383 4460 feci
1424 4408 1486 4479 per
1526 4386 1654 4460 Tauri

249 4511 350 4606 pylas
377 4510 521 4584 Tarsum
549 4509 626 4584 ueni
654 4533 684 4584 a.
714 4512 746 4584 d.
776 4512 844 4585 Ill.
873 4513 962 4586 Non.
988 4511 1061 4585 Oct.
1080 4510 1164 4582 Inde
1184 4509 1226 4581 ad
1246 4507 1461 4581 Amanum
1479 4507 1653 4599 contendi,

248 4631 309 4726 qni
339 4631 473 4727 Syriam
500 4655 521 4705 a
548 4631 666 4706 Silicia
693 4631 851 4706 dividite
884 4632 956 4707 att.
987 4633 1029 4706 ll.
1058 4631 1120 4705 20.

407 4753 577 4828 Narratur
604 4754 639 4827 in
667 4755 833 4828 chronico
862 4778 895 4849 p.
925 4755 987 4829 5·a
1014 4753 1180 4848 qucrnodo
1209 4754 1331 4826 Hunor
1359 4755 1394 4826 ot
1420 4752 1541 4846 hlogor
1573 4773 1653 4826 casn

247 4873 445 4950 inuenerint
472 4875 507 4949 in
536 4876 672 4950 deserto
705 4900 850 4964 ,uxores
878 4899 917 4951 ac
945 4876 1071 4951 filios
1099 4875 1248 4949 filiorum
1276 4873 1442 4948 Bereha.“
1475 4875 1569 4949 Haec
1597 4877 1652 4948 ost

247 4995 401 5071 omnium
429 5020 514 5092 quae
543 5002 683 5072 exstant
712 4998 864 5073 codicum
892 4997 1005 5072 lectio.
1035 4999 1096 5072 Vir
1129 4999 1249 5073 doctus
1278 4996 1415 5071 filias
1456 4995 1650 5070 substituit.

247 5119 318 5194 Sed
356 5119 502 5216 negligit
538 5121 789 5196 accommodare
826 5143 875 5212 ea,
912 5144 996 5215 qnae
1030 5124 1228 5214 sequnntur,
1266 5119 1458 5213 prioribus:
1491 5116 1651 5214 ,Accidit
