3898 5752
778 687 932 790 gm—

316 899 410 980 Dnn
452 929 542 981 uero
591 903 714 983 ulmus
755 910 876 986 ccrrrn'o
916 906 1069 986 indutus
1111 906 1290 986 ordinato
1326 907 1406 986 neie
1446 923 1561 1008 snper

167 1049 295 1130 eqnzrm
326 1051 435 1103 secerne
466 1024 626 1104 cociendo
659 1025 738 1104 tlon
767 1029 839 1108 lum
870 1041 903 1107 et
933 1030 1023 1108 illuc
1054 1029 1277 1137 confortans
1301 1053 1389 1108 snos
1415 1027 1558 1127 oronites,

165 1157 195 1223 et
223 1145 319 1224 (licit
349 1149 421 1226 eis:
467 1145 500 1226 O
544 1146 698 1227 senon
737 1162 771 1228 ot
808 1152 1076 1231 cortennilitonee
1110 1155 1185 1231 urcei
1226 1153 1304 1230 en‘ri
1344 1149 1558 1258 fortissimi,

165 1266 269 1346 nolite
301 1265 453 1348 turbari
482 1269 528 1348 de
566 1269 802 1352 neultitncline
837 1272 1082 1353 ruthenorum
1123 1287 1158 1354 et
1195 1297 1457 1373 cumanorum,
1495 1273 1563 1379 qui

164 1390 430 1470 {insimulantur
459 1395 598 1470 nostrie
630 1392 796 1494 cunibus,
829 1398 919 1502 quin
952 1400 1073 1475 uirtus
1103 1422 1181 1475 non
1212 1394 1312 1474 uolet
1350 1398 1390 1473 in
1432 1393 1558 1472 occulti·

161 1511 284 1591 tndinc
311 1512 457 1616 populi,
489 1513 556 1593 seu
586 1517 624 1592 in
647 1515 878 1625 fortitudine
909 1522 1040 1598 unirni.
1074 1519 1137 1598 An
1160 1520 1317 1618 noscitu,
1346 1518 1436 1622 quio
1462 1543 1560 1594 tenne

163 1633 213 1712 leo
244 1634 380 1714 irretitos
411 1661 543 1715 ceruos
573 1639 613 1714 in
650 1637 787 1744 snpenn
829 1643 966 1721 uertit?
1014 1639 1117 1720 Vnde
1152 1651 1300 1719 ctrerene
1341 1650 1375 1717 et
1405 1637 1560 1745 sortiter

156 1781 363 1862 perpererunt
394 1771 527 1838 contro
560 1785 632 1838 eos.
673 1759 881 1870 Statimque
920 1775 1127 1842 coercuerunt
1157 1759 1265 1842 tribus
1302 1758 1451 1839 bellicus
1484 1784 1559 1862 per

157 1892 296 1980 portes,
330 1892 364 1958 et
393 1885 596 1960 contentato
628 1894 790 1990 retroque
824 1888 922 1964 ecies
962 1883 1133 1985 hostium,
1176 1895 1423 1989 eminentque
1457 1907 1558 1988 pnp-

160 2027 251 2080 nurc
284 2005 425 2081 ueniter
456 2005 631 2104 interce,
666 2018 699 2083 ct
731 2006 1048 2114 interficiebantur
1074 2006 1238 2110 plurimi
1267 2004 1312 2084 de
1335 2003 1502 2083 rcctlrenic
1527 2016 1561 2082 et

160 2127 342 2203 curnnnie.
384 2122 554 2204 Videntec
587 2152 648 2205 eos
679 2125 835 2210 deiicere
865 2133 903 2208 in
936 2127 1040 2232 bello,
1073 2132 1113 2208 in
1142 2132 1279 2236 jupone
1319 2127 1422 2206 uersi
1459 2138 1557 2206 sunt.

166 2243 265 2324 l'III.
301 2243 341 2346 8,
376 2241 534 2329 1-27.

309 2382 337 2456 E
363 2381 491 2458 libro
519 2385 569 2457 de
597 2385 803 2479 proeliis
831 2383 1084 2460 Alexandri
1113 2381 1262 2479 Magni
1297 2407 1317 2458 e
1351 2383 1424 2458 viro
1455 2383 1555 2457 docto

153 2526 259 2596 nuper
288 2503 485 2598 exscripta:
513 2505 711 2580 Alexander
739 2530 879 2582 currens
907 2509 974 2581 huc
1002 2512 1035 2581 et
1062 2507 1145 2581 illuc
1179 2506 1395 2581 confortabat
1426 2502 1556 2579 milites

151 2648 240 2698 sum¹
274 2626 301 2696 0
331 2627 580 2705 commilitones
609 2630 791 2704 fortissimi
819 2632 1020 2705 Macedones
1044 2633 1079 2702 et
1098 2627 1222 2704 Greci!
1253 2627 1401 2720 qualiter
1426 2625 1556 2700 turbati

149 2748 232 2823 estis
261 2750 305 2823 clo
334 2749 555 2825 multitudine
583 2753 778 2826 Persarum.
809 2751 909 2827 Canis
939 2751 997 2844 qui
1017 2751 1163 2823 multum
1181 2751 1286 2823 latrat
1305 2749 1436 2822 nullum
1457 2749 1556 2822 elfec-

149 2877 219 2944 tum
251 2871 418 2946 laesionis
444 2873 559 2948 hebet.
599 2873 722 2948 Virtus
755 2875 845 2948 euim
881 2897 948 2947 non
985 2873 1077 2946 uolet
1105 2870 1141 2944 in
1170 2870 1393 2944 multitudine
1421 2868 1554 2965 populi,

147 2995 203 3066 sul
233 2995 270 3067 in
300 2994 525 3070 multitudine
552 2995 668 3069 animi.
703 2995 758 3070 An
788 2995 941 3084 nescitis,
971 2993 1052 3087 quia
1079 3016 1167 3066 unus
1196 2995 1249 3067 loo
1278 2993 1405 3066 multos
1433 3015 1554 3068 ceruos

145 3115 176 3186 in
209 3117 328 3210 sugam
360 3117 490 3190 uertitl
518 3117 662 3211 Oportet
691 3141 753 3192 nos
781 3124 920 3192 strenue
949 3120 984 3190 et
1012 3115 1149 3189 sortiter
1176 3137 1331 3208 pugnare
1358 3136 1435 3188 cum
1467 3114 1551 3190 illis.

142 3237 268 3311 Statim
302 3243 493 3312 sonuerunt
522 3241 622 3314 turbas
651 3239 791 3315 bellicas
819 3264 881 3334 per
909 3243 1036 3333 partes,
1067 3242 1100 3311 et
1128 3237 1291 3330 ceperunt
1318 3235 1443 3310 acriter
1466 3259 1552 3330 pug-

143 3385 223 3432 nare
252 3359 346 3432 inter
373 3383 420 3450 se,
452 3363 486 3434 et
519 3361 815 3436 interficiebantur
842 3386 884 3436 ex
917 3361 1072 3456 utrisque
1110 3358 1258 3434 inaximo
1291 3377 1384 3452 pare.
1423 3357 1552 3434 Videas

141 3484 252 3557 Porus
282 3503 364 3556 suos
391 3480 427 3555 in
455 3483 546 3557 bello
575 3484 721 3558 delicere
751 3489 815 3559 etc.

300 3609 393 3687 Ilua·
426 3610 566 3713 Arpod
596 3623 631 3690 ct
662 3638 788 3690 onmes
818 3615 880 3691 sui
916 3615 1098 3715 primates
1138 3607 1363 3689 celebrantes
1400 3612 1551 3711 nepetae

140 3759 283 3837 centenno
313 3731 486 3834 fecerunt
517 3736 708 3834 collecticio,
742 3747 775 3812 et
790 3735 875 3841 fero
894 3734 1042 3814 cottidie
1058 3729 1299 3812 eorreeclebunt
1319 3730 1549 3833 nuptialiter.

140 3850 224 3932 cn.
260 3853 332 3953 n,
370 3852 561 3933 12-2o.

297 3989 517 4062 Celebruntes
546 3990 705 4064 conuiuia
733 3991 892 4084 plurilms
920 3990 1042 4065 diebus
1073 3988 1278 4083 nuptialiter
1306 3989 1547 4082 epulabantur.

299 4115 391 4194 llnn·
423 4115 537 4196 antn
556 4120 685 4221 pertulit
695 4117 837 4224 filiurn,
860 4146 968 4224 queem
989 4118 1203 4196 trornimun‘t
1226 4129 1366 4196 toesun.
1392 4113 1549 4195 Comum

134 4235 297 4316 tilletum
329 4250 370 4316 ut
399 4237 465 4318 leo,
504 4237 534 4316 L
549 4237 586 4319 V.
623 4235 693 4340 43,
726 4236 922 4329 28-29,

294 4373 397 4448 Coma
424 4373 549 4467 eapitis
577 4374 651 4448 eius
679 4378 752 4448 erat
780 4373 871 4449 sicut
898 4398 994 4449 coma
1020 4371 1143 4448 leonis.

822 4675 861 4756 5.

308 4937 404 5044 l'pei·
436 4950 519 5016 erut
549 4936 704 5044 quidemn
738 4934 987 5016 nobilissinnm
1019 4937 1097 5015 (luco
1139 4935 1286 5035 suntne,
1328 4937 1395 5043 qni
1435 4935 1544 5014 decuit

130 5057 207 5136 not
241 5085 397 5137 onorem
435 5062 472 5137 in
506 5058 749 5164 dentronoper
768 5059 896 5166 filium
930 5056 1217 5158 ecrreednlreliuni
1246 5057 1362 5158 drocis,
1391 5060 1541 5135 reornino

131 5209 270 5262 consu.
317 5182 375 5261 lle
406 5209 482 5290 pren
511 5184 640 5289 penult
666 5182 789 5282 silicem
821 5185 888 5291 peri
917 5184 1182 5289 opnorreimutns
1213 5191 1265 5259 eet
1295 5178 1429 5259 elneus.
1464 5177 1542 5256 sm
