3896 5758
952 431 1107 533 jao

331 651 468 761 ipsum
502 647 687 758 Hungari
720 648 912 733 Carolum
944 659 1213 732 uocauenrnt.
1248 645 1304 730 Vr
1335 661 1473 732 autem
1507 649 1583 733 iste
1612 649 1729 732 Caro·

332 776 397 857 lus
430 801 599 879 regnare
633 773 800 875 ualeret,
836 785 876 854 et
908 785 1050 853 contra
1082 771 1289 852 Amlrearn
1315 799 1453 877 regern
1487 786 1728 880 potestatem

333 898 532 1005 accipere,
566 923 676 1004 papa
707 897 891 1002 prefatus
922 922 1053 975 uuum
1089 907 1129 972 et
1161 894 1289 975 alium
1321 894 1372 974 de
1399 896 1527 976 latere
1545 923 1620 978 suo
1638 922 1731 976 ron·

333 1033 395 1100 tra
426 1046 566 1124 regem
599 1017 808 1100 Amiream
843 1043 916 1123 pro
950 1015 1094 1097 Caroio
1123 1015 1356 1098 destinauit.
1375 1015 1455 1112 Qui
1472 1017 1597 1098 nichil
1615 1045 1731 1122 agere

333 1143 521 1223 ualentes
554 1140 603 1220 ad
623 1141 785 1248 propria
803 1139 1022 1220 redierunt.
1043 1137 1210 1218 Interim
1231 1165 1339 1218 anuo
1357 1138 1732 1221 dominiMCCCIo

332 1265 371 1345 iu
405 1265 510 1346 festo
543 1263 673 1344 sancti
707 1261 852 1342 Felicis
885 1261 925 1340 in
959 1260 1092 1341 Pincis
1126 1260 1233 1340 idem
1267 1288 1341 1340 rex
1375 1259 1575 1364 Andreas,
1609 1261 1648 1341 in
1668 1287 1733 1342 ca·

334 1399 417 1468 stro
449 1385 631 1467 Budeusi
664 1383 869 1490 requienit
901 1383 941 1462 in
976 1381 1155 1482 domino,
1200 1394 1241 1462 et
1279 1381 1467 1490 sepultus
1501 1382 1634 1465 estin
1668 1411 1733 1464 ec·

335 1508 460 1590 etesia
492 1505 531 1593 S.
567 1507 760 1588 iohannis
792 1503 1054 1612 Euangeliste
1088 1504 1197 1611 apud
1231 1505 1391 1587 Fratres
1425 1506 1615 1588 minores.

455 1768 540 1854 XC.
576 1764 683 1845 Dux
709 1761 996 1844 vencezlaus
1023 1761 1080 1842 de
1108 1761 1332 1843 Bohemia
1358 1763 1602 1844 inducitur.

486 1995 633 2077 Postea
672 2007 834 2075 mortuo
872 2021 966 2100 rege
1007 1991 1174 2076 Andrea
1215 1995 1391 2078 barones
1432 1996 1547 2102 regni
1587 1996 1730 2076 eodem

331 2144 439 2200 anno
472 2120 513 2199 in
546 2117 649 2200 <luas
682 2131 817 2222 partes
851 2115 1024 2201 celerius
1051 2117 1303 2217 diuiduntur,
1325 2117 1382 2198 ita
1400 2117 1512 2224 quod
1529 2115 1730 2220 Matheus,

331 2239 555 2342 Omodens
590 2252 631 2320 et
662 2237 840 2343 Vgrinus
885 2238 1159 2345 potentissimi
1201 2239 1410 2346 principes
1453 2241 1495 2321 in
1528 2265 1653 2345 regno
1688 2265 1733 2320 ac

331 2363 397 2443 alii
430 2363 589 2444 nobiles
623 2360 890 2468 quamplures
925 2359 1072 2443 Carano
1105 2387 1234 2468 puero
1268 2361 1528 2463 adheserunt,
1564 2376 1603 2442 et
1638 2389 1732 2443 eum

330 2511 467 2589 regem
503 2483 773 2564 nominabant
805 2483 934 2562 uerbo
967 2509 1048 2564 non
1083 2483 1203 2564 farto.
1237 2480 1481 2565 Dominiens
1509 2511 1609 2565 uero
1626 2482 1734 2564 filius

331 2605 527 2713 Stephani
572 2605 666 2684 dieti
716 2604 843 2684 Porrtr
894 2605 1086 2708 magister
1127 2605 1476 2687 Thanarnicorurn
1524 2605 1732 2712 quondam

331 2729 436 2833 regis
469 2726 646 2827 Audire,
682 2724 915 2806 Demetrius
948 2726 1055 2811 filins
1087 2725 1254 2830 Nicolai‚
1288 2725 1482 2809 Herricus
1502 2727 1731 2809 filiusHer·

331 2850 414 2950 rici,
447 2849 522 2930 uiri
555 2849 676 2929 ualde
710 2848 927 2954 magnifici,
962 2877 1057 2930 cum
1085 2848 1266 2929 iohanne
1285 2850 1593 2956 archiepiscopo
1612 2848 1731 2930 Colo·

331 2973 456 3076 censi,
506 2987 546 3052 et
595 2972 760 3051 Andrea
809 2971 1002 3077 episcopo
1052 2970 1251 3076 Agriensi,
1300 2971 1487 3052 Emerico
1536 2972 1730 3079 episcopo

328 3092 595 3194 Waradiensi‚
628 3092 746 3174 Haab
782 3093 906 3200 (133)
941 3093 1134 3200 episcopo
1168 3091 1370 3194 Vaciensi‚
1391 3093 1599 3174 Anthonio
1622 3093 1729 3201 epis·

328 3243 431 3325 copo
475 3215 762 3316 Chanadiensi,
806 3213 973 3295 Nicolao
1015 3215 1209 3322 episcopo
1251 3215 1463 3316 Boznensi,
1507 3229 1548 3296 et
1579 3215 1728 3297 Iacobo

327 3341 522 3448 episcopo
556 3337 785 3445 Scepsensi,
820 3337 886 3417 cui
919 3364 1052 3443 usque
1084 3338 1212 3418 uitam
1246 3339 1379 3418 fuerat
1405 3364 1627 3420 concessus
1644 3337 1729 3445 epi·

326 3477 534 3569 scopatus,
570 3461 608 3541 in
644 3486 786 3541 mense
830 3458 932 3539 tutio
977 3487 1122 3544 uersus
1164 3458 1402 3540 Bohemiam
1441 3474 1731 3567 processerunt

327 3584 377 3665 ad
422 3610 561 3689 regem
605 3581 893 3682 Venceztaum,
936 3595 981 3661 ut
1022 3581 1134 3688 regni
1179 3582 1408 3689 susciperet
1449 3583 1729 3687 gubernacula

327 3707 618 3810 hungarorum,
652 3731 704 3784 ue
740 3704 850 3806 regni
885 3702 1000 3784 liberi
1034 3704 1264 3786 libertatem
1300 3704 1535 3785 arnitterent
1565 3705 1605 3784 in
1640 3732 1727 3786 sus·

329 3827 525 3934 capcione
558 3855 632 3934 per
664 3825 880 3906 ecelesiam
914 3825 997 3905 dati
1030 3826 1146 3930 regis.
1181 3824 1244 3905 Ad
1279 3826 1570 3932 ipsmnautem
1590 3853 1725 3933 regem

327 3948 525 4030 Bohemie
560 3951 612 4028 ob
647 3947 751 4028 liano
785 3948 990 4029 racionem
1025 3961 1253 4054 posuerunt
1294 3975 1458 4052 gressus
1491 3977 1599 4052 suos⁷
1634 3947 1727 4056 quia

327 4099 402 4152 rex
436 4069 678 4171 Otlrocarus,
714 4071 782 4177 qui
819 4096 890 4178 per
921 4097 1059 4173 regern
1101 4070 1336 4150 Ladizlamn
1375 4072 1508 4152 fuerat
1539 4073 1728 4152 intertec-

327 4208 405 4295 ωε,
440 4192 548 4275 siout
579 4206 641 4275 est
672 4193 861 4299 superius
895 4204 1142 4294 enarratum,
1174 4192 1320 4273 habuit
1351 4193 1392 4272 in
1411 4219 1585 4275 uxorem
1603 4192 1725 4274 filiam

329 4315 494 4397 domine
538 4317 671 4418 Anne,
720 4313 801 4395 filie
844 4313 942 4394 Bele
976 4314 1081 4420 regis
1123 4314 1268 4422 quarti,
1315 4315 1385 4421 qni
1420 4341 1472 4395 ex
1508 4341 1557 4396 ea
1588 4315 1730 4422 genuit.

328 4439 459 4520 filiurn
492 4434 968 4538 nomichencezlaum,
987 4437 1058 4542 qui
1091 4435 1278 4542 regnauit
1311 4437 1352 4516 in
1384 4437 1582 4520 Bohemia
1614 4450 1727 4546 patre

329 4574 491 4642 mortuo
534 4559 673 4641 nurltis
716 4560 845 4640 amris.
893 4557 972 4653 Qui
1017 4557 1268 4640 Venceziaus
1305 4559 1448 4640 uenire
1481 4559 1623 4664 noluit,
1658 4559 1727 4644 sed

328 4683 458 4766 filiurn
492 4711 614 4764 snum
650 4711 701 4764 ex
736 4681 818 4761 filia
861 4681 1114 4787 imperatoris
1155 4679 1357 4788 Rodolphi
1396 4695 1657 4788 procreatum
1691 4693 1730 4762 et

328 4805 511 4910 genitum
561 4806 727 4887 nomine
776 4802 961 4885 similiter
1007 4801 1284 4884 Veucezlaurn
1326 4803 1365 4883 in
1408 4805 1585 4910 quadam
1637 4804 1731 4887 villa

329 4926 463 5008 Godin
496 4941 645 5008 uocata
678 4927 782 5007 eiua
817 4925 1029 5006 Martinam
1062 4953 1114 5004 ex
1149 4937 1263 5032 parte
1297 4925 1505 5029 Bolrernie,
1540 4954 1622 5036 quo
1641 4955 1731 5036 pre·
