4024 5776
882 459 941 546 ,11

222 687 333 778 mino
366 721 442 778 suo
474 695 559 776 fere
592 689 740 810 plufres
773 694 960 776 nationes
993 692 1101 775 illius
1135 709 1251 796 terre,
1271 710 1312 775 et
1336 695 1435 777 dum
1455 685 1622 778 ibinul·

221 819 285 900 lus
318 818 514 899 inuentus
547 831 656 899 esset
688 817 758 918 eis,
791 816 931 925 plures
979 816 1066 897 (lies
1095 818 1100 923 1
1130 816 1184 898 ibi
1217 831 1472 919 manserunt,
1489 819 1622 900 donec

222 939 400 1021 confinia
433 940 545 1044 regni
577 938 848 1020 firmauerunt
888 938 1112 1021 obstaculis
1151 933 1415 1054 lirhnissimis.
1469 936 1623 1018 XXIV
1633 947 1656 1017 5

221 1059 290 1139 De
317 1064 447 1139 terra
472 1055 598 1136 ultre
624 1057 820 1137 eiluana.

222 1185 273 1265 Et
305 1184 405 1265 dum
439 1181 495 1265 ibi
527 1179 681 1265 diutius
713 1196 981 1285 morarentur,
1000 1195 1100 1262 tunc
1122 1182 1318 1265 tulmtum
1350 1196 1468 1292 pater
1500 1184 1622 1266 horca

222 1307 330 1389 sicut
358 1304 363 1418 1
392 1319 479 1388 erat
509 1305 573 1385 uir
604 1319 777 1408 astutus,
821 1306 921 1387 dum
964 1304 1141 1412 cepisset
1188 1305 1330 1387 audire
1378 1308 1430 1389 ab
1479 1306 1623 1388 incolis

223 1428 450 1510 bonitatem
484 1421 597 1542 terJre
636 1427 743 1509 ultra
783 1427 954 1530 siluane,
988 1427 1059 1509 ubi
1100 1427 1222 1534 gelon
1267 1427 1435 1534 quidam
1479 1429 1623 1511 blacus
1742 1511 1745 1520 ,

224 1551 454 1632 dominium
486 1551 666 1651 tenebat,
701 1548 819 1656 Cepit
848 1551 852 1654 1
882 1550 931 1630 ad
967 1548 1044 1630 hoo
1072 1547 1277 1652 anhelare,
1297 1551 1407 1656 quod
1436 1551 1469 1632 si
1502 1577 1623 1659 posse

223 1686 334 1757 esset
366 1699 440 1781 per
474 1672 651 1777 graciam
696 1671 812 1754 ducis
855 1671 981 1780 arpad
1022 1667 1177 1751 domini
1218 1672 1282 1754 sui
1326 1667 1484 1786 teriam
1517 1673 1683 1755 ultralO

223 1796 427 1879 siluanam
461 1793 539 1878 sibi
571 1809 612 1876 et
644 1793 727 1877 suis
760 1795 934 1901 posteris
967 1793 1183 1900 aquireret.
1213 1793 1331 1889 (lund
1366 1793 1496 1876 etsie
1528 1789 1623 1910 fael-

222 1935 312 2000 tum
344 1917 424 2000 fuit
455 1929 610 2026 postea.
643 1915 746 1996 Nam
780 1931 929 1997 terram
972 1916 1078 1997 ultra
1120 1916 1323 1998 siluanam
1367 1915 1583 2025 posteritas
1618 1911 1621 2032 1

223 2039 421 2122 tuhutmn
452 2065 586 2147 usqne
620 2039 670 2120 ad
704 2051 869 2146 tempus
886 2037 1017 2120 saneti
1038 2037 1143 2144 regis
1161 2037 1358 2146 Stephani
1377 2039 1622 2143 habueruut,
1732 2141 1733 2146 .

224 2181 263 2244 et
295 2155 466 2276 dichius
499 2161 751 2262 habuissent,
785 2161 819 2242 si
855 2161 989 2242 minor
1034 2160 1129 2268 gyla
1177 2188 1272 2242 cum
1320 2160 1484 2244 duobus
1531 2161 1624 2242 filiis

223 2286 308 2368 suis
341 2284 453 2366 biuia
486 2297 527 2365 et
554 2282 559 2391 1
588 2283 726 2365 bucna
759 2282 965 2365 christiani
990 2309 1079 2365 esse
1111 2283 1354 2384 uoluissent,
1388 2297 1428 2364 et
1460 2309 1625 2391 semper

224 2407 425 2488 eorrtrarie
459 2419 601 2488 sancto
635 2406 720 2512 regi
752 2433 836 2486 non
863 2403 870 2514 1
897 2405 1103 2509 fecissent,
1121 2417 1168 2486 ut
1200 2406 1250 2487 iu·
1274 2406 1545 2512 sequentibus
1563 2406 1623 2487 di·

224 2528 367 2612 cetull.
398 2524 529 2606 XXV
554 2521 624 2604 De
650 2522 896 2627 prudentia
921 2522 1088 2603 tuhutl.
1636 2531 1684 2604 15

226 2651 439 2734 Predietus
470 2675 571 2732 uero
603 2649 799 2731 tuhutum
832 2649 894 2729 uir
925 2647 1270 2756 prudentissimus
1288 2649 1398 2730 misit
1415 2650 1657 2757 quendam.

224 2775 361 2856 uirum
393 2771 400 2885 1
432 2785 628 2875 astutum,
672 2785 831 2878 patrem
876 2771 1101 2878 opaforcos,
1144 2771 1337 2878 ogmaud,
1388 2787 1433 2853 ut
1473 2773 1624 2854 furtiue

225 2891 453 3010 ambulans
485 2892 721 3004 preuideret
752 2894 827 2976 sibi
862 2893 1102 3000 qualitatem
1144 2908 1184 2975 et
1226 2895 1477 2976 fertilitatem
1519 2907 1624 2976 terre

224 3020 330 3100 ultra
358 3017 364 3128 1
393 3018 582 3120 siluaue,
599 3029 640 3097 et
672 3014 816 3123 quales
850 3029 988 3099 essent
1012 3015 1261 3098 habitatores
1295 3017 1395 3100 eius.
1439 3016 1558 3112 Quod
1590 3017 1625 3098 si

225 3167 345 3250 posse
379 3153 488 3222 esset
521 3137 687 3254 bellum
721 3165 817 3220 cum
861 3138 918 3220 eis
968 3138 1254 3220 committeret.
1303 3137 1408 3220 Nam
1455 3138 1685 3220 uolebat20

223 3263 437 3347 'l'ulrutum
468 3289 544 3370 per
573 3287 618 3345 se
650 3287 803 3342 nomen
833 3262 837 3368 1
866 3259 944 3343 sibi
977 3275 1018 3341 ct
1050 3272 1200 3342 terram
1232 3261 1431 3369 aquirere.
1477 3259 1532 3342 Vt
1563 3261 1624 3340 di·

223 3399 323 3469 cunt
354 3384 483 3468 nostri
522 3384 787 3465 ioculatores:
832 3409 976 3464 onmes
1018 3382 1108 3464 loca
1137 3381 1142 3494 1
1170 3383 1249 3466 sibi
1291 3382 1546 3492 aquirebant,
1584 3398 1625 3463 et

222 3535 376 3590 nomen
408 3507 568 3589 bonurn
601 3503 872 3613 accipiebant.
906 3503 1013 3600 Quid
1046 3505 1187 3613 plura?
1228 3503 1340 3586 Dum
1370 3504 1376 3615 1
1404 3517 1522 3614 pater
1554 3531 1624 3612 og·

221 3632 348 3714 mand
387 3630 622 3737 speculator
660 3625 873 3710 'fuhutum
914 3653 989 3736 per
1025 3627 1241 3709 circuitum
1275 3652 1389 3708 more
1416 3626 1422 3738 1
1451 3626 1624 3735 uulpino

222 3753 452 3836 bonitatem
485 3765 527 3833 et
557 3749 805 3832 fertilitatem
840 3761 945 3831 terre
978 3761 1019 3831 et
1051 3749 1299 3832 habitatores
1327 3747 1334 3862 1
1363 3749 1451 3831 eius
1488 3749 1685 3858 nispe-25

223 3877 365 3978 risset,
400 3887 602 3983 quantum
636 3872 844 3955 humanus
888 3872 1002 3955 uisus
1043 3872 1167 3974 ualet,
1212 3872 1317 3953 vltra
1357 3897 1483 3980 quam
1512 3875 1517 3980 1
1546 3871 1624 3952 dici

222 4012 360 4106 potest
392 3995 549 4098 dilexit,
583 4007 624 4076 et
656 3994 869 4076 celerrimo
902 4021 1027 4078 cursu
1059 3993 1108 4074 ad
1143 3992 1358 4075 dominum
1396 4020 1519 4076 suum
1552 3989 1626 4108 re:-

221 4147 368 4202 uersus
417 4130 489 4200 est.
538 4116 617 4212 Qui
666 4144 761 4198 cum
811 4116 1005 4218 uenisset,
1039 4114 1207 4196 domino
1249 4143 1324 4199 suo
1357 4116 1408 4197 de
1442 4113 1624 4197 bonitate

222 4242 339 4356 ililius
372 4254 478 4320 terre
511 4239 642 4320 multa
673 4239 790 4319 dixit.
824 4239 944 4334 Quod
976 4253 1082 4319 terra
1115 4237 1183 4318 illa
1207 4238 1439 4342 irrigaretur
1460 4237 1626 4344 optimis

221 4362 378 4479 tluluiis,
416 4387 593 4469 quorum
626 4361 795 4442 nomina
828 4375 869 4441 et
888 4361 1083 4442 utilitates
1102 4359 1284 4442 seriatim
1305 4360 1420 4442 dixit.
1445 4359 1498 4441 Et
1515 4359 1624 4468 quod

222 4485 261 4566 in
294 4483 431 4566 arenis
460 4485 465 4592 1
495 4509 636 4563 eorum
670 4509 818 4564 aurum
851 4483 1101 4590 colligerent,
1135 4495 1179 4562 et
1209 4507 1356 4565 aurum
1379 4498 1485 4564 terre
1516 4481 1625 4563 illius

221 4607 425 4715 optimum
456 4603 461 4716 1
491 4618 611 4688 esset.
629 4604 679 4686 Et
711 4618 758 4685 ut
790 4603 846 4686 ibi
877 4607 1086 4688 foderetur
1116 4604 1176 4687 sal
1209 4617 1250 4686 et
1281 4605 1474 4710 salgenia,
1493 4620 1534 4686 et
1553 4604 1625 4684 lra—
1637 4601 1686 4676 30

222 4731 417 4812 bitatores
444 4727 450 4840 1
478 4742 584 4809 terre
617 4727 726 4810 illius
759 4727 924 4810 uiliores
951 4727 1140 4809 homines
1158 4741 1298 4808 essent
1315 4727 1445 4810 tocius
1464 4725 1621 4808 muudi.

222 4851 328 4948 Quia
361 4867 499 4933 essent
526 4846 532 4961 1
560 4849 680 4932 blasii
713 4863 754 4930 et
785 4849 925 4953 sclaui,
966 4850 1063 4958 quia
1095 4849 1304 4931 alinarma
1323 4849 1623 4931 nonhaberent

223 4974 300 5056 nisi
331 4999 474 5056 arcum
507 4983 548 5054 et
576 4974 581 5082 1
610 4970 788 5077 sagittas,
823 4985 864 5052 et
896 4969 985 5055 dux
1017 4999 1161 5055 eornm
1192 4971 1341 5076 geleou
1359 4970 1494 5053 minus
1514 4981 1625 5053 esset
