3896 5758
752 519 907 624 Q

126 749 274 822 uerunt
305 734 521 825 cerebrum
553 735 654 842 eius,
696 733 839 846 sicque
881 733 1082 845 gloriosus
1122 735 1262 820 martir
1293 735 1443 823 Christi
1474 733 1527 822 ab

127 861 336 970 erumpnis
368 861 515 944 mnndi
546 861 669 944 huius
701 861 752 943 ad
795 874 981 944 eternam
1024 861 1324 944 beatitudinem
1354 860 1526 945 transiit.

127 983 343 1068 Danubius
384 1011 484 1092 sepe
523 983 759 1066 redundans
800 1011 926 1092 super
969 983 1121 1065 molem
1162 983 1319 1092 lapidis,
1363 983 1403 1065 in
1446 1009 1528 1092 qua

125 1106 344 1188 contritum
379 1121 441 1189 est
473 1121 599 1214 eaput
629 1107 760 1188 sancti
793 1105 974 1208 Gerardi‚
1007 1131 1087 1188 non
1124 1107 1257 1213 potuit
1282 1106 1527 1212 sanguinem

124 1228 281 1310 diluere
314 1255 388 1336 per
419 1241 579 1337 septem
621 1254 763 1332 annos
792 1228 924 1311 donec
966 1227 1210 1333 recoligatus
1243 1241 1305 1310 est
1336 1253 1361 1310 a
1392 1253 1527 1310 sacer-

124 1351 301 1433 dotibus,
334 1349 385 1432 Et
416 1350 520 1459 lapis
552 1349 620 1433 ille
653 1378 765 1433 nuno
799 1365 861 1433 est
892 1347 1121 1436 Chanadiui
1138 1350 1180 1432 in
1213 1349 1431 1459 superficie
1463 1351 1527 1432 sui

124 1473 275 1556 altaris,
306 1471 428 1555 Nunc
459 1474 500 1554 in
535 1471 681 1555 eodem
714 1473 893 1554 Ioroubi
921 1474 1141 1554 contritum
1175 1485 1238 1554 cst
1269 1485 1396 1580 caput
1427 1471 1528 1576 cius,

125 1595 162 1676 in
197 1595 397 1676 honorem
432 1596 539 1677 beati
573 1593 742 1677 Gerardi
776 1595 950 1677 martiris
984 1594 1159 1676 ecelesia
1191 1595 1269 1678 sub
1297 1609 1438 1676 monte
1456 1621 1528 1702 ap·

127 1731 242 1825 paret
273 1717 483 1799 fabricata..
516 1717 594 1800 Hic
626 1717 830 1825 siquidem
864 1717 1071 1799 Gerardus
1104 1717 1333 1800 monachus
1365 1716 1417 1797 de
1449 1715 1529 1797 Ro·

122 1839 232 1922 sacio
265 1840 438 1920 nacione
472 1837 745 1943 Wenetensis‚
780 1840 851 1947 qui
884 1840 924 1920 in
958 1838 1211 1920 Pannoniam
1244 1840 1419 1922 ueniens
1446 1839 1529 1946 pri-

124 1989 216 2046 mus
251 1961 291 2042 in
323 1961 422 2043 Beel
457 1963 584 2043 uitam
617 1963 775 2044 ducens
808 1961 1103 2064 heremiticam,
1136 1961 1304 2043 tandem
1347 1963 1388 2042 in
1422 1959 1529 2042 Cha·

123 2083 365 2166 nadieusem
398 2083 637 2166 cathedram
669 2084 710 2166 in
744 2085 986 2194 episcopum
1026 2100 1089 2164 est
1128 2083 1363 2166 translatus,
1406 2083 1528 2166 Buldi

126 2231 294 2314 quoquo
328 2206 548 2315 episcopus
591 2206 797 2314 lapidibus
834 2206 1007 2288 obrutus
1048 2205 1209 2287 transiit
1250 2205 1301 2286 ad
1344 2206 1528 2311 gloriam.

123 2328 332 2410 Beztricus
363 2341 503 2410 autern
537 2342 579 2409 et
610 2329 767 2412 Beueta
799 2355 893 2408 cum
925 2327 1170 2410 transissent
1194 2323 1438 2410 Danubium
1455 2353 1529 2408 na·

123 2451 234 2556 uigio
252 2450 302 2531 ad
337 2449 472 2531 Endre
506 2465 547 2532 et
577 2451 775 2554 Leucate,
808 2450 977 2531 heretici
1012 2450 1082 2556 qui
1115 2449 1157 2531 in
1190 2448 1384 2532 ulteriore
1410 2449 1529 2531 litore

123 2585 241 2654 erant
274 2571 506 2654 Ventricum
539 2572 781 2681 episcopum
816 2573 1156 2674 uulnerauerunt,
1200 2572 1271 2679 qui
1312 2571 1433 2653 tertia
1464 2571 1529 2653 dic

122 2694 389 2802 postmodum
424 2708 610 2777 mortuus
643 2709 717 2778 est.
751 2694 886 2776 Endre
914 2708 1054 2776 autem
1072 2693 1159 2776 dux
1192 2693 1355 2776 interim
1385 2721 1529 2802 super·

122 2817 297 2899 ueniens
340 2817 538 2899 benetam
583 2816 825 2926 epiScopum
858 2843 883 2898 a
914 2816 1107 2898 manibus
1149 2842 1292 2899 eorum
1325 2816 1529 2920 liberauit,

126 2951 166 3020 et
191 2938 251 3021 sic
283 2939 507 3046 prophecia
538 2941 671 3022 sancti
704 2939 874 3020 Gerardi
907 2938 1079 3046 impleta
1111 2952 1184 3021 est.
1228 2937 1385 3021 Omnes
1419 2939 1528 3020 enim

124 3073 261 3168 preter
292 3060 492 3142 Benetam
524 3062 761 3143 martirizati
792 3073 900 3143 sunt.
932 3059 1077 3141 Zonuk
1110 3087 1278 3168 quoque
1304 3087 1531 3143 comessu-

126 3209 200 3290 per
230 3182 486 3265 ‹Iextrarium
519 3211 642 3266 suurn
676 3181 870 3265 Danubio
903 3180 1086 3264 insiliens
1119 3183 1299 3285 natabat,
1329 3209 1455 3289 quem
1487 3181 1531 3263 in

124 3306 221 3386 naui
262 3306 435 3388 ueniens
473 3305 641 3412 quidam
683 3305 850 3387 nomine
893 3303 1128 3386 Murtinnur
1158 3304 1316 3387 leuauit
1358 3303 1454 3411 (59)
1488 3303 1530 3383 iu

124 3427 278 3530 nanim,
312 3443 360 3510 nt
390 3455 486 3509 eum
521 3455 544 3508 a
577 3442 707 3508 morte
740 3426 944 3510 liberaret.
985 3426 1082 3507 Erat
1115 3426 1225 3508 enim
1259 3425 1335 3507 iste
1373 3423 1530 3507 Murth·

124 3575 218 3630 mur
249 3550 481 3658 baptizatus
514 3577 539 3630 a
571 3550 720 3631 comite.
753 3549 908 3631 Zouuk.
951 3547 1031 3644 Qui
1064 3576 1160 3630 oum
1194 3547 1425 3656 predictum
1460 3572 1530 3629 co-

127 3669 271 3752 mitem
304 3670 465 3754 saluare
482 3671 622 3774 uellet,
651 3683 852 3779 oeperunt
878 3672 914 3752 ei
947 3669 1118 3752 heretici
1149 3683 1325 3754 mortem
1358 3668 1529 3750 commi·

124 3819 235 3894 nare,
269 3793 346 3876 uisi
364 3795 452 3902 ipse
484 3793 626 3876 Zonuh
659 3793 852 3875 comitem
885 3793 1146 3876 interficeret.
1177 3793 1364 3890 Quorum
1397 3790 1531 3873 minas

127 3913 343 3996 IImthmir
376 3929 577 4018 metuens,
612 3917 748 4023 ipsum
782 3915 974 3996 comitem
1009 3915 1050 3996 iu
1083 3915 1180 3997 naui
1213 3914 1348 4020 gladIo
1381 3913 1530 3995 intere·

126 4038 213 4118 mit.
265 4037 396 4118 'I'anta
437 4065 534 4144 ergo
582 4037 804 4120 multitudo
853 4036 1096 4118 clericorum
1136 4050 1178 4119 et
1217 4037 1416 4118 laicorum
1458 4061 1531 4143 pro

127 4157 276 4242 Christi
306 4159 387 4240 fide
420 4161 568 4242 eadem
600 4158 665 4240 die
698 4159 926 4241 martirium
946 4157 1125 4266 pertulit,
1144 4171 1190 4242 ut
1217 4184 1361 4242 eorum
1383 4183 1531 4240 nume·

126 4307 198 4362 rus
223 4281 301 4364 deo
332 4295 494 4364 tanturn
521 4294 563 4362 et
594 4283 750 4388 angelis
776 4295 839 4364 cst
870 4281 1070 4386 cognitus.

438 4542 618 4626 XLVIII.
652 4538 722 4620 Do
748 4545 896 4621 morto
922 4537 1052 4620 Petri
1076 4537 1218 4642 rogis.

280 4768 425 4852 Petrus
456 4784 597 4852 autem
630 4798 705 4853 rex
738 4770 885 4854 uidens
927 4770 1133 4876 hungaros
1175 4765 1428 4850 unanimiter
1457 4766 1530 4847 ad·

127 4887 281 4972 hesissc
313 4891 488 4975 ducibus
521 4891 656 4974 Endre
690 4906 730 4974 et
762 4893 958 4974 Louentc.
994 4891 1080 4999 ipse
1114 4917 1210 4972 curn
1243 4889 1328 4972 suis
1351 4887 1531 4970 teutoni·

128 5009 189 5096 cis
218 5012 354 5126 sugam
387 5014 475 5100 iniit
507 5041 652 5100 uersus
686 5015 848 5122 Musuu,
882 5031 927 5096 ut
959 5013 1108 5098 abinde
1141 5011 1183 5102 in
1207 5009 1414 5098 Austriam
1433 5035 1527 5122 per·
