4024 5776
753 487 758 496 ·
846 465 1001 582 a..

222 697 405 782 dantiam
439 699 626 780 omnium
659 685 897 798 bestiarum,
917 709 957 777 et
990 696 1152 802 copiam
1185 698 1360 808 piscium
1394 700 1446 781 de
1476 693 1622 816 llubni·

220 823 344 905 nibus
376 821 520 904 thiscie
555 837 596 903 ct
628 820 802 925 budrug,
836 833 985 900 terram
1017 819 1124 900 ultra
1156 847 1280 926 quam
1326 821 1406 902 dici
1448 836 1585 929 potest
1617 817 1621 924 Ι

223 945 311 1027 dux
345 945 486 1052 Arpad
521 958 562 1024 et
593 944 655 1026 sui
689 941 937 1023 dilexerunt.
969 940 1152 1021 Tandem
1187 968 1287 1023 uero
1320 943 1419 1024 dum
1440 927 1684 1034 hecout-'25

221 1068 289 1148 nia
317 1067 323 1173 Ι
352 1093 435 1173 que
478 1079 570 1146 acta
611 1067 775 1146 fuerant
815 1063 902 1144 dux
945 1062 1113 1145 solanus
1154 1089 1179 1143 a
1223 1066 1308 1146 suis
1356 1066 1453 1172 fuga
1498 1067 1623 1174 lapsis

220 1183 467 1304 auldiuisset,
500 1215 671 1269 manum
704 1185 844 1267 leuare
877 1207 1002 1266 ausus
1035 1209 1117 1264 uon
1149 1185 1238 1265 luit.
1271 1185 1350 1267 Sed

222 1311 356 1394 missis
388 1309 533 1416 legatis
565 1309 650 1392 suis
682 1333 796 1389 more
828 1306 1037 1388 balearico
1072 1320 1121 1388 ut
1151 1333 1241 1388 mos

222 1445 284 1518 est
316 1459 458 1514 eorum
493 1430 640 1512 minari
674 1430 794 1538 cepit,
830 1443 871 1509 et
902 1428 1116 1536 arpadium
1152 1429 1303 1511 ducem
1335 1430 1442 1512 bun-

219 1555 329 1662 garie
362 1555 480 1663 quasi
512 1551 736 1635 deridendo
769 1551 977 1653 salutauit,
1011 1564 1053 1631 et
1084 1577 1180 1634 suos

220 1703 292 1786 pro
327 1677 411 1760 risu
442 1676 680 1782 lmnguaros
712 1672 941 1782 appellauit
973 1685 1015 1752 ct

220 1799 360 1882 multis
393 1797 526 1880 modis
560 1797 694 1879 mirari
730 1796 841 1904 cepit
872 1794 944 1902 qui
977 1807 1115 1877 essent

220 1971 261 2039 et
292 1957 405 2039 unde
438 1955 663 2058 uenissent,
698 1954 769 2061 qui
801 1952 899 2034 talia
928 1931 1019 2036 ausi

227 2117 367 2196 facere
401 2110 587 2214 fuissent,
621 2126 663 2191 et
694 2109 908 2192 mandauit

220 2237 278 2318 eis
310 2251 359 2316 ut
390 2234 499 2315 mala
530 2235 639 2315 facta
672 2259 747 2316 sua
765 2232 1045 2334 emendarent,
1064 2245 1105 2312 et
1121 2230 1295 2314 fluuium
1316 2231 1483 2340 Budrug
1506 2236 1732 2318 nullumur

220 2357 344 2440 modo
373 2357 379 2462 Ι
407 2355 580 2438 transire
612 2355 825 2457 auderent,
857 2368 905 2436 ut
936 2381 989 2435 ne
1022 2354 1110 2460 ipsc
1143 2354 1317 2436 ueniens
1366 2382 1462 2436 cum
1504 2357 1622 2440 adiu·

221 2480 324 2562 torio
356 2504 571 2584 grecorum
606 2490 647 2558 et
675 2477 680 2582 Ι
708 2477 978 2583 Bulgarorum
1013 2476 1065 2556 de
1097 2475 1206 2557 malo
1237 2477 1346 2557 facto
1380 2503 1521 2560 eorum
1563 2480 1622 2565 eis

221 2603 358 2686 uicem
391 2599 568 2682 reddens
600 2599 673 2681 uix
707 2599 889 2706 aliquem
918 2598 923 2708 Ι
952 2598 1186 2701 dimitteret,
1206 2597 1275 2706 qui
1294 2598 1345 2680 ad
1378 2600 1542 2708 propria
1558 2629 1621 2684 re·

220 2751 363 2806 means
397 2722 538 2806 salutis
570 2721 721 2828 gaudia
753 2722 972 2803 nuntiaret.
1016 2719 1129 2803 Missi
1170 2747 1267 2802 uero
1297 2721 1303 2828 Ι
1331 2721 1460 2803 selani
1504 2723 1656 2809 ducis5

220 2845 436 2929 uenientes
469 2845 520 2926 ad
563 2857 743 2928 castrum
775 2844 932 2925 Zemlin
975 2857 1016 2924 et
1056 2843 1226 2924 transito
1268 2837 1404 2960 fluuifo
1440 2844 1620 2955 Budrug,

220 2967 405 3052 secunda
435 2967 500 3048 die
548 2993 573 3047 a
623 2967 772 3047 ducem
806 2966 1021 3074 arpadium
1047 2977 1340 3071 peruenerunt,
1358 2966 1484 3048 tercio
1513 2969 1519 3074 Ι
1548 2997 1622 3052 au·

219 3105 302 3172 tem
353 3089 419 3172 die
468 3089 617 3171 ducem
666 3087 880 3196 arpadium
930 3085 1059 3170 uerbo
1107 3087 1262 3168 domini
1299 3089 1361 3170 sni
1411 3090 1621 3175 salutaue-

224 3225 329 3314 runt‚
365 3223 405 3292 et
437 3205 642 3326 maanata
674 3211 761 3292 eins
794 3209 889 3290 duci
922 3209 1090 3318 arpadio
1109 3207 1347 3291 retulerunt.
1375 3209 1475 3292 Dux
1493 3215 1618 3322 arpad

221 3335 364 3418 audita
394 3327 609 3449 lelgatione
641 3331 771 3416 sulani
803 3334 972 3440 superbi
1005 3331 1133 3434 ducis,
1151 3355 1235 3413 non
1252 3333 1430 3439 superbe
1452 3334 1526 3415 sed
1543 3336 1620 3419 hu·

221 3456 431 3540 humiliter
463 3455 499 3536 ei
531 3448 754 3568 responldit
784 3454 938 3536 dicens.
965 3455 1078 3537 Licet
1111 3477 1290 3561 proauus
1322 3482 1441 3538 meus
1473 3467 1681 3565 poten-10

219 3579 403 3662 tissimus
435 3606 508 3660 rex
541 3577 667 3659 athila
701 3571 1182 3692 lrabuleritten·a1n,que
1215 3575 1322 3657 iacet
1354 3578 1459 3660 inter
1489 3579 1619 3664 danu-

219 3702 335 3784 bium
369 3713 411 3781 et
441 3699 660 3808 Thysciam
693 3727 827 3807 usque
860 3701 911 3782 ad
945 3694 1179 3816 confijniurn
1201 3698 1466 3804 bulgarorum
1493 3729 1618 3810 quam

219 3822 306 3932 ipse
340 3823 488 3922 lrabet3
521 3823 717 3902 Attamen
751 3849 827 3928 ego
859 3849 943 3904 non
974 3834 1143 3931 propter
1184 3821 1365 3930 aliquem
1395 3821 1400 3933 Ι
1429 3825 1617 3908 timorem

219 3971 434 4052 grecorum
466 3943 536 4026 uel
569 3943 847 4050 bulgarorum,
866 3944 977 4052 quod
1011 3944 1069 4027 eis
1087 3942 1276 4026 resistere
1307 3971 1390 4027 non
1418 3943 1617 4064 ualeant]

219 4067 290 4151 sed
324 4080 493 4176 propter
523 4065 753 4148 amiciciam
794 4065 924 4149 salani
966 4065 1083 4149 ducis
1123 4066 1261 4168 uestri,
1294 4081 1391 4174 peto
1434 4069 1486 4150 de
1525 4097 1619 4152 mea

218 4188 380 4273 iusticia
421 4215 546 4274 unam
577 4185 582 4298 Ι
611 4188 854 4296 particulam
903 4201 1071 4296 propter
1118 4213 1266 4295 pecora
1314 4217 1419 4292 mea,
1463 4191 1677 4274 scilicet15

219 4325 367 4394 terram
401 4310 618 4418 usquead
656 4310 830 4393 fluuium
860 4312 865 4417 Ι
893 4310 1101 4420 louyou*),
1135 4324 1177 4392 et
1216 4311 1386 4418 insuper
1426 4324 1522 4420 peto
1563 4315 1615 4396 ab

221 4433 308 4542 ipso
341 4433 448 4515 duce
479 4444 629 4535 uestro,
663 4445 709 4514 ut
741 4432 877 4514 mittat
912 4433 1011 4514 mihi
1054 4432 1190 4538 gracia
1218 4435 1223 4540 Ι
1252 4432 1381 4541 ipsius
1422 4434 1524 4518 duas
1558 4434 1617 4516 la·

218 4555 420 4662 gungulas
452 4555 596 4662 plenas
629 4581 736 4661 aqua
769 4554 950 4658 danubii,
985 4568 1027 4636 et
1056 4582 1183 4638 unam
1217 4549 1428 4670 sarcinam
1456 4555 1617 4638 deber·

218 4677 279 4761 bis
310 4675 552 4760 sabulorum
585 4676 711 4784 olpar‚
729 4691 776 4758 ut
807 4677 962 4785 possim
996 4678 1170 4786 probare
1202 4678 1235 4760 si
1269 4678 1351 4760 sint
1378 4677 1383 4790 Ι
1412 4677 1616 4761 dulciores

218 4798 343 4882 herbe
376 4799 616 4882 sabulorum
650 4798 767 4906 olpar
797 4799 934 4882 herbis
955 4799 1245 4908 scythicorum,
1265 4811 1306 4880 et
1323 4793 1678 4916 dentumolgentd

217 4951 432 5082 “a-sic
460 4988 496 5062 G.
524 5007 607 5082 pro:
636 5007 775 5084 souyou.
