<?xml version="1.0" encoding="UTF-8"?>
<!DOCTYPE html PUBLIC "-//W3C//DTD XHTML 1.0 Transitional//EN"
    "http://www.w3.org/TR/xhtml1/DTD/xhtml1-transitional.dtd">
<html xmlns="http://www.w3.org/1999/xhtml" xml:lang="en" lang="en">
 <head>
  <title>
</title>
<meta http-equiv="Content-Type" content="text/html;charset=utf-8" />
  <meta name='ocr-system' content='tesseract 3.04.00' />
  <meta name='ocr-capabilities' content='ocr_page ocr_carea ocr_par ocr_line ocrx_word'/>
</head>
<body>
  <div class='ocr_page' id='page_1' title='image "./chronicahungaro00florgoog_0193.png"; bbox 0 0 3896 5758; ppageno 0'>
   <div class='ocr_carea' id='block_1_1' title="bbox 1016 438 1170 548">
    <p class='ocr_par' dir='ltr' id='par_1_1' title="bbox 1016 438 1170 548">
     <span class='ocr_line' id='line_1_1' title="bbox 1016 438 1170 548; baseline 0 -34"><span class='ocrx_word' id='word_1_1' title='bbox 1016 438 1170 548; x_wconf 58' lang='lat' dir='ltr'>-aa—</span> 
     </span>
    </p>
   </div>
   <div class='ocr_carea' id='block_1_2' title="bbox 361 660 1797 1747">
    <p class='ocr_par' dir='ltr' id='par_1_2' title="bbox 361 660 1797 1747">
     <span class='ocr_line' id='line_1_2' title="bbox 547 660 1796 770; baseline 0 -28"><span class='ocrx_word' id='word_1_2' title='bbox 547 661 760 745; x_wconf 88' lang='lat' dir='ltr'>Piissimus</span> <span class='ocrx_word' id='word_1_3' title='bbox 792 675 932 744; x_wconf 85' lang='lat' dir='ltr'>autem</span> <span class='ocrx_word' id='word_1_4' title='bbox 966 690 1039 743; x_wconf 84' lang='lat' dir='ltr'>rex</span> <span class='ocrx_word' id='word_1_5' title='bbox 1073 663 1172 744; x_wconf 89' lang='lat' dir='ltr'>Bela</span> <span class='ocrx_word' id='word_1_6' title='bbox 1205 663 1411 770; x_wconf 86' lang='lat' dir='ltr'>completo</span> <span class='ocrx_word' id='word_1_7' title='bbox 1444 662 1559 768; x_wconf 83' lang='lat' dir='ltr'>regni</span> <span class='ocrx_word' id='word_1_8' title='bbox 1590 660 1654 742; x_wconf 91' lang='lat' dir='ltr'>sui</span> <span class='ocrx_word' id='word_1_9' title='bbox 1688 687 1796 742; x_wconf 91' lang='lat' dir='ltr'>anno</span> 
     </span>
     <span class='ocr_line' id='line_1_3' title="bbox 361 783 1795 890; baseline 0.001 -28"><span class='ocrx_word' id='word_1_10' title='bbox 361 784 517 866; x_wconf 81' lang='lat' dir='ltr'>tercio</span> <span class='ocrx_word' id='word_1_11' title='bbox 551 785 593 865; x_wconf 96' lang='lat' dir='ltr'>in</span> <span class='ocrx_word' id='word_1_12' title='bbox 625 783 779 866; x_wconf 90' lang='lat' dir='ltr'>Demes</span> <span class='ocrx_word' id='word_1_13' title='bbox 812 784 938 890; x_wconf 84' lang='lat' dir='ltr'>regali</span> <span class='ocrx_word' id='word_1_14' title='bbox 970 785 1130 887; x_wconf 91' lang='lat' dir='ltr'>allodio,</span> <span class='ocrx_word' id='word_1_15' title='bbox 1166 798 1381 867; x_wconf 87' lang='lat' dir='ltr'>corruente</span> <span class='ocrx_word' id='word_1_16' title='bbox 1414 785 1515 866; x_wconf 91' lang='lat' dir='ltr'>solio</span> <span class='ocrx_word' id='word_1_17' title='bbox 1560 785 1795 864; x_wconf 83' lang='lat' dir='ltr'>confractus</span> 
     </span>
     <span class='ocr_line' id='line_1_4' title="bbox 392 905 1793 1015; baseline -0.002 -28"><span class='ocrx_word' id='word_1_18' title='bbox 392 933 574 1015; x_wconf 84' lang='lat' dir='ltr'>corpore,</span> <span class='ocrx_word' id='word_1_19' title='bbox 609 906 962 988; x_wconf 82' lang='lat' dir='ltr'>irremediabiliter</span> <span class='ocrx_word' id='word_1_20' title='bbox 995 907 1105 1014; x_wconf 89' lang='lat' dir='ltr'>cepit</span> <span class='ocrx_word' id='word_1_21' title='bbox 1137 926 1332 1012; x_wconf 82' lang='lat' dir='ltr'>egrotare.</span> <span class='ocrx_word' id='word_1_22' title='bbox 1355 905 1663 1013; x_wconf 79' lang='lat' dir='ltr'>Duxeruntque</span> <span class='ocrx_word' id='word_1_23' title='bbox 1698 933 1793 988; x_wconf 90' lang='lat' dir='ltr'>eum</span> 
     </span>
     <span class='ocr_line' id='line_1_5' title="bbox 391 1027 1795 1138; baseline -0.002 -28"><span class='ocrx_word' id='word_1_24' title='bbox 391 1029 642 1110; x_wconf 85' lang='lat' dir='ltr'>seminecem</span> <span class='ocrx_word' id='word_1_25' title='bbox 688 1029 739 1110; x_wconf 91' lang='lat' dir='ltr'>ad</span> <span class='ocrx_word' id='word_1_26' title='bbox 779 1028 961 1110; x_wconf 90' lang='lat' dir='ltr'>riuulum</span> <span class='ocrx_word' id='word_1_27' title='bbox 1007 1029 1195 1138; x_wconf 81' lang='lat' dir='ltr'>llynisna</span> <span class='ocrx_word' id='word_1_28' title='bbox 1235 1041 1403 1136; x_wconf 90' lang='lat' dir='ltr'>propter</span> <span class='ocrx_word' id='word_1_29' title='bbox 1446 1027 1646 1134; x_wconf 86' lang='lat' dir='ltr'>quasdam</span> <span class='ocrx_word' id='word_1_30' title='bbox 1684 1027 1795 1132; x_wconf 85' lang='lat' dir='ltr'>regni</span> 
     </span>
     <span class='ocr_line' id='line_1_6' title="bbox 391 1149 1796 1258; baseline -0.003 -26"><span class='ocrx_word' id='word_1_31' title='bbox 391 1151 669 1252; x_wconf 71' lang='lat' dir='ltr'>necessitates</span> <span class='ocrx_word' id='word_1_32' title='bbox 704 1163 746 1231; x_wconf 89' lang='lat' dir='ltr'>et</span> <span class='ocrx_word' id='word_1_33' title='bbox 776 1150 832 1231; x_wconf 92' lang='lat' dir='ltr'>ibi</span> <span class='ocrx_word' id='word_1_34' title='bbox 865 1151 1056 1256; x_wconf 62' lang='lat' dir='ltr'>luignauit</span> <span class='ocrx_word' id='word_1_35' title='bbox 1088 1179 1112 1232; x_wconf 93' lang='lat' dir='ltr'>a</span> <span class='ocrx_word' id='word_1_36' title='bbox 1144 1152 1296 1232; x_wconf 86' lang='lat' dir='ltr'>seculo.</span> <span class='ocrx_word' id='word_1_37' title='bbox 1330 1149 1526 1258; x_wconf 83' lang='lat' dir='ltr'>Sepultus</span> <span class='ocrx_word' id='word_1_38' title='bbox 1560 1163 1621 1231; x_wconf 85' lang='lat' dir='ltr'>est</span> <span class='ocrx_word' id='word_1_39' title='bbox 1655 1163 1796 1229; x_wconf 91' lang='lat' dir='ltr'>autem</span> 
     </span>
     <span class='ocr_line' id='line_1_7' title="bbox 391 1271 1797 1380; baseline -0.002 -27"><span class='ocrx_word' id='word_1_40' title='bbox 391 1274 431 1353; x_wconf 90' lang='lat' dir='ltr'>in</span> <span class='ocrx_word' id='word_1_41' title='bbox 466 1273 715 1355; x_wconf 87' lang='lat' dir='ltr'>monasterio</span> <span class='ocrx_word' id='word_1_42' title='bbox 749 1273 879 1356; x_wconf 87' lang='lat' dir='ltr'>saneti</span> <span class='ocrx_word' id='word_1_43' title='bbox 912 1271 1147 1375; x_wconf 84' lang='lat' dir='ltr'>Saluatoris,</span> <span class='ocrx_word' id='word_1_44' title='bbox 1169 1274 1277 1380; x_wconf 89' lang='lat' dir='ltr'>quod</span> <span class='ocrx_word' id='word_1_45' title='bbox 1312 1272 1400 1380; x_wconf 89' lang='lat' dir='ltr'>ipse</span> <span class='ocrx_word' id='word_1_46' title='bbox 1434 1285 1724 1353; x_wconf 77' lang='lat' dir='ltr'>construxerat</span> <span class='ocrx_word' id='word_1_47' title='bbox 1758 1271 1797 1351; x_wconf 89' lang='lat' dir='ltr'>iu</span> 
     </span>
     <span class='ocr_line' id='line_1_8' title="bbox 391 1393 1796 1503; baseline -0.001 -28"><span class='ocrx_word' id='word_1_48' title='bbox 391 1397 481 1476; x_wconf 92' lang='lat' dir='ltr'>loco</span> <span class='ocrx_word' id='word_1_49' title='bbox 515 1395 585 1503; x_wconf 93' lang='lat' dir='ltr'>qui</span> <span class='ocrx_word' id='word_1_50' title='bbox 618 1394 767 1476; x_wconf 89' lang='lat' dir='ltr'>dicitur</span> <span class='ocrx_word' id='word_1_51' title='bbox 798 1395 992 1499; x_wconf 82' lang='lat' dir='ltr'>Zugzard.</span> <span class='ocrx_word' id='word_1_52' title='bbox 1025 1394 1102 1476; x_wconf 86' lang='lat' dir='ltr'>Hic</span> <span class='ocrx_word' id='word_1_53' title='bbox 1136 1396 1245 1476; x_wconf 91' lang='lat' dir='ltr'>enim</span> <span class='ocrx_word' id='word_1_54' title='bbox 1280 1395 1379 1475; x_wconf 86' lang='lat' dir='ltr'>Bela</span> <span class='ocrx_word' id='word_1_55' title='bbox 1412 1407 1498 1474; x_wconf 86' lang='lat' dir='ltr'>erat</span> <span class='ocrx_word' id='word_1_56' title='bbox 1522 1393 1618 1500; x_wconf 86' lang='lat'>(69)</span> <span class='ocrx_word' id='word_1_57' title='bbox 1638 1393 1796 1492; x_wconf 81' lang='lat' dir='ltr'>calens,</span> 
     </span>
     <span class='ocr_line' id='line_1_9' title="bbox 392 1515 1796 1624; baseline -0.002 -27"><span class='ocrx_word' id='word_1_58' title='bbox 392 1530 433 1598; x_wconf 86' lang='lat' dir='ltr'>et</span> <span class='ocrx_word' id='word_1_59' title='bbox 464 1517 505 1597; x_wconf 93' lang='lat' dir='ltr'>in</span> <span class='ocrx_word' id='word_1_60' title='bbox 539 1517 674 1598; x_wconf 89' lang='lat' dir='ltr'>colore</span> <span class='ocrx_word' id='word_1_61' title='bbox 707 1517 877 1619; x_wconf 88' lang='lat' dir='ltr'>brunus,</span> <span class='ocrx_word' id='word_1_62' title='bbox 895 1530 1114 1624; x_wconf 88' lang='lat' dir='ltr'>propterea</span> <span class='ocrx_word' id='word_1_63' title='bbox 1134 1545 1256 1600; x_wconf 91' lang='lat' dir='ltr'>sunm</span> <span class='ocrx_word' id='word_1_64' title='bbox 1275 1515 1583 1614; x_wconf 88' lang='lat' dir='ltr'>monasterinm,</span> <span class='ocrx_word' id='word_1_65' title='bbox 1605 1515 1655 1595; x_wconf 86' lang='lat' dir='ltr'>ad</span> <span class='ocrx_word' id='word_1_66' title='bbox 1675 1541 1796 1597; x_wconf 88' lang='lat' dir='ltr'>snam</span> 
     </span>
     <span class='ocr_line' id='line_1_10' title="bbox 391 1634 1196 1747; baseline -0.002 -27"><span class='ocrx_word' id='word_1_67' title='bbox 391 1634 713 1746; x_wconf 80' lang='lat' dir='ltr'>disposicionem</span> <span class='ocrx_word' id='word_1_68' title='bbox 742 1637 921 1744; x_wconf 84' lang='lat' dir='ltr'>Zugzard</span> <span class='ocrx_word' id='word_1_69' title='bbox 956 1640 1196 1747; x_wconf 87' lang='lat' dir='ltr'>appellauit.</span> 
     </span>
    </p>
   </div>
   <div class='ocr_carea' id='block_1_3' title="bbox 425 1892 1759 2139">
    <p class='ocr_par' dir='ltr' id='par_1_3' title="bbox 425 1892 1759 2139">
     <span class='ocr_line' id='line_1_11' title="bbox 425 1892 1759 1999; baseline -0.004 -18"><span class='ocrx_word' id='word_1_70' title='bbox 425 1900 526 1981; x_wconf 88' lang='lat' dir='ltr'><strong>LIII.</strong></span> <span class='ocrx_word' id='word_1_71' title='bbox 558 1895 628 1977; x_wconf 82' lang='lat' dir='ltr'>De</span> <span class='ocrx_word' id='word_1_72' title='bbox 656 1894 859 1976; x_wconf 79' lang='lat' dir='ltr'>aduentu</span> <span class='ocrx_word' id='word_1_73' title='bbox 894 1895 1186 1999; x_wconf 76' lang='lat' dir='ltr'>Imperatoris</span> <span class='ocrx_word' id='word_1_74' title='bbox 1222 1917 1328 1976; x_wconf 87' lang='lat' dir='ltr'>cum</span> <span class='ocrx_word' id='word_1_75' title='bbox 1363 1917 1477 1999; x_wconf 70' lang='lat' dir='ltr'>rege</span> <span class='ocrx_word' id='word_1_76' title='bbox 1510 1892 1759 1976; x_wconf 73' lang='lat' dir='ltr'>Salomone</span> 
     </span>
     <span class='ocr_line' id='line_1_12' title="bbox 928 2033 1259 2139; baseline 0.006 -24"><span class='ocrx_word' id='word_1_77' title='bbox 928 2055 1099 2139; x_wconf 72' lang='lat' dir='ltr'>genero</span> <span class='ocrx_word' id='word_1_78' title='bbox 1127 2033 1259 2136; x_wconf 73' lang='lat' dir='ltr'>uu0.*)</span> 
     </span>
    </p>
   </div>
   <div class='ocr_carea' id='block_1_4' title="bbox 390 2246 1804 4680">
    <p class='ocr_par' dir='ltr' id='par_1_4' title="bbox 390 2246 1804 4680">
     <span class='ocr_line' id='line_1_13' title="bbox 548 2246 1798 2354; baseline 0.002 -25"><span class='ocrx_word' id='word_1_79' title='bbox 548 2249 635 2331; x_wconf 83' lang='lat' dir='ltr'>Rex</span> <span class='ocrx_word' id='word_1_80' title='bbox 670 2261 808 2329; x_wconf 87' lang='lat' dir='ltr'>antem</span> <span class='ocrx_word' id='word_1_81' title='bbox 842 2246 1036 2329; x_wconf 86' lang='lat' dir='ltr'>Salomon</span> <span class='ocrx_word' id='word_1_82' title='bbox 1063 2249 1203 2330; x_wconf 88' lang='lat' dir='ltr'>audita</span> <span class='ocrx_word' id='word_1_83' title='bbox 1232 2261 1360 2330; x_wconf 90' lang='lat' dir='ltr'>morte</span> <span class='ocrx_word' id='word_1_84' title='bbox 1379 2249 1476 2328; x_wconf 64' lang='lat' dir='ltr'>liele</span> <span class='ocrx_word' id='word_1_85' title='bbox 1509 2249 1626 2354; x_wconf 85' lang='lat' dir='ltr'>regis,</span> <span class='ocrx_word' id='word_1_86' title='bbox 1653 2275 1798 2331; x_wconf 88' lang='lat' dir='ltr'>acces·</span> 
     </span>
     <span class='ocr_line' id='line_1_14' title="bbox 390 2371 1798 2480; baseline -0.002 -25"><span class='ocrx_word' id='word_1_87' title='bbox 390 2374 443 2456; x_wconf 88' lang='lat' dir='ltr'>sit</span> <span class='ocrx_word' id='word_1_88' title='bbox 474 2371 524 2453; x_wconf 89' lang='lat' dir='ltr'>ad</span> <span class='ocrx_word' id='word_1_89' title='bbox 558 2397 746 2454; x_wconf 85' lang='lat' dir='ltr'>socerum</span> <span class='ocrx_word' id='word_1_90' title='bbox 766 2397 887 2452; x_wconf 91' lang='lat' dir='ltr'>sunm</span> <span class='ocrx_word' id='word_1_91' title='bbox 906 2371 1198 2478; x_wconf 84' lang='lat' dir='ltr'>imperatorem</span> <span class='ocrx_word' id='word_1_92' title='bbox 1215 2372 1530 2474; x_wconf 84' lang='lat' dir='ltr'>teutonicorum,</span> <span class='ocrx_word' id='word_1_93' title='bbox 1550 2373 1798 2480; x_wconf 80' lang='lat' dir='ltr'>rogauitque</span> 
     </span>
     <span class='ocr_line' id='line_1_15' title="bbox 392 2491 1798 2602; baseline 0.001 -27"><span class='ocrx_word' id='word_1_94' title='bbox 392 2523 488 2578; x_wconf 92' lang='lat' dir='ltr'>eum</span> <span class='ocrx_word' id='word_1_95' title='bbox 522 2508 568 2575; x_wconf 86' lang='lat' dir='ltr'>ut</span> <span class='ocrx_word' id='word_1_96' title='bbox 601 2519 772 2597; x_wconf 82' lang='lat' dir='ltr'>regnum</span> <span class='ocrx_word' id='word_1_97' title='bbox 805 2491 1015 2599; x_wconf 80' lang='lat' dir='ltr'>Hungarie</span> <span class='ocrx_word' id='word_1_98' title='bbox 1048 2493 1126 2576; x_wconf 91' lang='lat' dir='ltr'>sibi</span> <span class='ocrx_word' id='word_1_99' title='bbox 1158 2494 1403 2575; x_wconf 87' lang='lat' dir='ltr'>restitueret.</span> <span class='ocrx_word' id='word_1_100' title='bbox 1437 2491 1565 2575; x_wconf 86' lang='lat' dir='ltr'>Cuius</span> <span class='ocrx_word' id='word_1_101' title='bbox 1599 2495 1798 2602; x_wconf 84' lang='lat' dir='ltr'>precibus</span> 
     </span>
     <span class='ocr_line' id='line_1_16' title="bbox 391 2615 1799 2724; baseline 0 -25"><span class='ocrx_word' id='word_1_102' title='bbox 391 2618 614 2724; x_wconf 90' lang='lat' dir='ltr'>imperator</span> <span class='ocrx_word' id='word_1_103' title='bbox 661 2615 836 2696; x_wconf 91' lang='lat' dir='ltr'>libenter</span> <span class='ocrx_word' id='word_1_104' title='bbox 877 2615 1098 2721; x_wconf 86' lang='lat' dir='ltr'>aequieuit,</span> <span class='ocrx_word' id='word_1_105' title='bbox 1133 2630 1173 2696; x_wconf 88' lang='lat' dir='ltr'>et</span> <span class='ocrx_word' id='word_1_106' title='bbox 1213 2645 1307 2698; x_wconf 84' lang='lat' dir='ltr'>eum</span> <span class='ocrx_word' id='word_1_107' title='bbox 1353 2616 1421 2695; x_wconf 91' lang='lat' dir='ltr'>illo</span> <span class='ocrx_word' id='word_1_108' title='bbox 1464 2615 1589 2697; x_wconf 90' lang='lat' dir='ltr'>nobili</span> <span class='ocrx_word' id='word_1_109' title='bbox 1623 2642 1799 2699; x_wconf 85' lang='lat' dir='ltr'>romane</span> 
     </span>
     <span class='ocr_line' id='line_1_17' title="bbox 392 2733 1799 2845; baseline -0.001 -24"><span class='ocrx_word' id='word_1_110' title='bbox 392 2738 488 2821; x_wconf 80' lang='lat' dir='ltr'>artis</span> <span class='ocrx_word' id='word_1_111' title='bbox 500 2733 530 2845; x_wconf 88' lang='lat'>¹)</span> <span class='ocrx_word' id='word_1_112' title='bbox 564 2737 762 2836; x_wconf 83' lang='lat' dir='ltr'>exercitu,</span> <span class='ocrx_word' id='word_1_113' title='bbox 784 2751 824 2817; x_wconf 91' lang='lat' dir='ltr'>et</span> <span class='ocrx_word' id='word_1_114' title='bbox 858 2737 1003 2820; x_wconf 88' lang='lat' dir='ltr'>illustri</span> <span class='ocrx_word' id='word_1_115' title='bbox 1025 2752 1119 2818; x_wconf 86' lang='lat' dir='ltr'>cetu</span> <span class='ocrx_word' id='word_1_116' title='bbox 1142 2737 1365 2844; x_wconf 76' lang='lat' dir='ltr'>impenalis</span> <span class='ocrx_word' id='word_1_117' title='bbox 1383 2738 1508 2843; x_wconf 79' lang='lat' dir='ltr'>glorie</span> <span class='ocrx_word' id='word_1_118' title='bbox 1527 2736 1799 2820; x_wconf 83' lang='lat' dir='ltr'>Salomonem</span> 
     </span>
     <span class='ocr_line' id='line_1_18' title="bbox 392 2859 1801 2968; baseline 0.001 -25"><span class='ocrx_word' id='word_1_119' title='bbox 392 2862 434 2943; x_wconf 92' lang='lat' dir='ltr'>in</span> <span class='ocrx_word' id='word_1_120' title='bbox 466 2859 687 2966; x_wconf 81' lang='lat' dir='ltr'>Vngariam</span> <span class='ocrx_word' id='word_1_121' title='bbox 724 2859 900 2941; x_wconf 85' lang='lat' dir='ltr'>reduxit.</span> <span class='ocrx_word' id='word_1_122' title='bbox 934 2860 1100 2942; x_wconf 88' lang='lat' dir='ltr'>Interim</span> <span class='ocrx_word' id='word_1_123' title='bbox 1120 2861 1257 2968; x_wconf 84' lang='lat' dir='ltr'>Geysa</span> <span class='ocrx_word' id='word_1_124' title='bbox 1288 2859 1396 2942; x_wconf 90' lang='lat' dir='ltr'>filius</span> <span class='ocrx_word' id='word_1_125' title='bbox 1429 2861 1534 2965; x_wconf 85' lang='lat' dir='ltr'>regis</span> <span class='ocrx_word' id='word_1_126' title='bbox 1554 2861 1653 2942; x_wconf 92' lang='lat' dir='ltr'>Bele</span> <span class='ocrx_word' id='word_1_127' title='bbox 1687 2862 1801 2945; x_wconf 88' lang='lat' dir='ltr'>sicut</span> 
     </span>
     <span class='ocr_line' id='line_1_19' title="bbox 392 2982 1800 3090; baseline 0.001 -26"><span class='ocrx_word' id='word_1_128' title='bbox 392 3009 481 3066; x_wconf 89' lang='lat' dir='ltr'>eras</span> <span class='ocrx_word' id='word_1_129' title='bbox 513 2982 695 3090; x_wconf 90' lang='lat' dir='ltr'>prudens</span> <span class='ocrx_word' id='word_1_130' title='bbox 728 2994 769 3061; x_wconf 87' lang='lat' dir='ltr'>et</span> <span class='ocrx_word' id='word_1_131' title='bbox 802 2983 1138 3090; x_wconf 74' lang='lat' dir='ltr'>circumspectae,</span> <span class='ocrx_word' id='word_1_132' title='bbox 1158 3011 1254 3064; x_wconf 89' lang='lat' dir='ltr'>cum</span> <span class='ocrx_word' id='word_1_133' title='bbox 1287 2983 1451 3064; x_wconf 78' lang='lat' dir='ltr'>(luobus</span> <span class='ocrx_word' id='word_1_134' title='bbox 1482 2982 1675 3066; x_wconf 87' lang='lat' dir='ltr'>fratribus</span> <span class='ocrx_word' id='word_1_135' title='bbox 1710 2986 1800 3066; x_wconf 85' lang='lat' dir='ltr'>suis</span> 
     </span>
     <span class='ocr_line' id='line_1_20' title="bbox 392 3103 1799 3212; baseline 0.002 -25"><span class='ocrx_word' id='word_1_136' title='bbox 392 3103 736 3204; x_wconf 86' lang='lat' dir='ltr'>adolescentibus,</span> <span class='ocrx_word' id='word_1_137' title='bbox 778 3104 1003 3212; x_wconf 85' lang='lat' dir='ltr'>assumpsit</span> <span class='ocrx_word' id='word_1_138' title='bbox 1043 3132 1087 3186; x_wconf 90' lang='lat' dir='ltr'>se</span> <span class='ocrx_word' id='word_1_139' title='bbox 1130 3131 1316 3187; x_wconf 85' lang='lat' dir='ltr'>seorsum</span> <span class='ocrx_word' id='word_1_140' title='bbox 1353 3104 1394 3184; x_wconf 91' lang='lat' dir='ltr'>in</span> <span class='ocrx_word' id='word_1_141' title='bbox 1433 3118 1569 3212; x_wconf 89' lang='lat' dir='ltr'>partes</span> <span class='ocrx_word' id='word_1_142' title='bbox 1611 3105 1799 3190; x_wconf 88' lang='lat' dir='ltr'>Polonie.</span> 
     </span>
     <span class='ocr_line' id='line_1_21' title="bbox 391 3225 1798 3333; baseline 0.001 -24"><span class='ocrx_word' id='word_1_143' title='bbox 391 3227 482 3309; x_wconf 91' lang='lat' dir='ltr'>Non</span> <span class='ocrx_word' id='word_1_144' title='bbox 524 3226 632 3307; x_wconf 90' lang='lat' dir='ltr'>enim</span> <span class='ocrx_word' id='word_1_145' title='bbox 675 3237 836 3333; x_wconf 86' lang='lat' dir='ltr'>poterat</span> <span class='ocrx_word' id='word_1_146' title='bbox 877 3226 1081 3333; x_wconf 90' lang='lat' dir='ltr'>impetum</span> <span class='ocrx_word' id='word_1_147' title='bbox 1124 3225 1354 3308; x_wconf 85' lang='lat' dir='ltr'>Salomonis</span> <span class='ocrx_word' id='word_1_148' title='bbox 1400 3240 1441 3307; x_wconf 89' lang='lat' dir='ltr'>et</span> <span class='ocrx_word' id='word_1_149' title='bbox 1486 3228 1798 3312; x_wconf 89' lang='lat' dir='ltr'>teutonicorum</span> 
     </span>
     <span class='ocr_line' id='line_1_22' title="bbox 392 3347 1802 3456; baseline 0.004 -27"><span class='ocrx_word' id='word_1_150' title='bbox 392 3364 491 3435; x_wconf 88' lang='lat' dir='ltr'>tunc</span> <span class='ocrx_word' id='word_1_151' title='bbox 523 3349 738 3433; x_wconf 87' lang='lat' dir='ltr'>sustinere.</span> <span class='ocrx_word' id='word_1_152' title='bbox 774 3347 864 3428; x_wconf 83' lang='lat' dir='ltr'>Rex</span> <span class='ocrx_word' id='word_1_153' title='bbox 894 3347 1034 3454; x_wconf 88' lang='lat' dir='ltr'>itaque</span> <span class='ocrx_word' id='word_1_154' title='bbox 1067 3348 1261 3430; x_wconf 85' lang='lat' dir='ltr'>Salomon</span> <span class='ocrx_word' id='word_1_155' title='bbox 1295 3377 1388 3429; x_wconf 89' lang='lat' dir='ltr'>eum</span> <span class='ocrx_word' id='word_1_156' title='bbox 1424 3349 1671 3456; x_wconf 87' lang='lat' dir='ltr'>imperatore</span> <span class='ocrx_word' id='word_1_157' title='bbox 1707 3353 1802 3434; x_wconf 87' lang='lat' dir='ltr'>sine</span> 
     </span>
     <span class='ocr_line' id='line_1_23' title="bbox 392 3469 1803 3576; baseline 0.004 -24"><span class='ocrx_word' id='word_1_158' title='bbox 392 3470 632 3552; x_wconf 88' lang='lat' dir='ltr'>difficultate</span> <span class='ocrx_word' id='word_1_159' title='bbox 663 3469 831 3552; x_wconf 89' lang='lat' dir='ltr'>intrauit</span> <span class='ocrx_word' id='word_1_160' title='bbox 864 3471 905 3550; x_wconf 92' lang='lat' dir='ltr'>in</span> <span class='ocrx_word' id='word_1_161' title='bbox 924 3469 1176 3575; x_wconf 83' lang='lat' dir='ltr'>Hungariam</span> <span class='ocrx_word' id='word_1_162' title='bbox 1210 3498 1304 3576; x_wconf 80' lang='lat' dir='ltr'>rege</span> <span class='ocrx_word' id='word_1_163' title='bbox 1338 3471 1536 3575; x_wconf 85' lang='lat' dir='ltr'>orbatam,</span> <span class='ocrx_word' id='word_1_164' title='bbox 1555 3486 1597 3553; x_wconf 93' lang='lat' dir='ltr'>et</span> <span class='ocrx_word' id='word_1_165' title='bbox 1619 3500 1803 3557; x_wconf 84' lang='lat' dir='ltr'>securus</span> 
     </span>
     <span class='ocr_line' id='line_1_24' title="bbox 392 3591 1803 3700; baseline 0.002 -25"><span class='ocrx_word' id='word_1_166' title='bbox 392 3592 577 3675; x_wconf 89' lang='lat' dir='ltr'>venitin</span> <span class='ocrx_word' id='word_1_167' title='bbox 610 3592 821 3674; x_wconf 85' lang='lat' dir='ltr'>ciuitatem</span> <span class='ocrx_word' id='word_1_168' title='bbox 854 3592 1007 3698; x_wconf 84' lang='lat' dir='ltr'>regiam</span> <span class='ocrx_word' id='word_1_169' title='bbox 1027 3591 1190 3694; x_wconf 84' lang='lat' dir='ltr'>Albam,</span> <span class='ocrx_word' id='word_1_170' title='bbox 1220 3593 1360 3700; x_wconf 91' lang='lat' dir='ltr'>ibique</span> <span class='ocrx_word' id='word_1_171' title='bbox 1393 3595 1446 3674; x_wconf 89' lang='lat' dir='ltr'>ab</span> <span class='ocrx_word' id='word_1_172' title='bbox 1479 3594 1591 3674; x_wconf 93' lang='lat' dir='ltr'>omni</span> <span class='ocrx_word' id='word_1_173' title='bbox 1615 3595 1728 3678; x_wconf 87' lang='lat' dir='ltr'>clero</span> <span class='ocrx_word' id='word_1_174' title='bbox 1760 3609 1803 3678; x_wconf 86' lang='lat' dir='ltr'>et</span> 
     </span>
     <span class='ocr_line' id='line_1_25' title="bbox 392 3713 1802 3826; baseline 0.002 -29"><span class='ocrx_word' id='word_1_175' title='bbox 392 3714 547 3825; x_wconf 91' lang='lat' dir='ltr'>populo</span> <span class='ocrx_word' id='word_1_176' title='bbox 591 3715 714 3796; x_wconf 90' lang='lat' dir='ltr'>totius</span> <span class='ocrx_word' id='word_1_177' title='bbox 755 3713 965 3820; x_wconf 83' lang='lat' dir='ltr'>Hungarie</span> <span class='ocrx_word' id='word_1_178' title='bbox 1009 3714 1417 3798; x_wconf 88' lang='lat' dir='ltr'>honorificentissime</span> <span class='ocrx_word' id='word_1_179' title='bbox 1459 3731 1679 3826; x_wconf 88' lang='lat' dir='ltr'>susceptus</span> <span class='ocrx_word' id='word_1_180' title='bbox 1722 3735 1802 3802; x_wconf 89' lang='lat' dir='ltr'>est.</span> 
     </span>
     <span class='ocr_line' id='line_1_26' title="bbox 393 3837 1802 3945; baseline 0.004 -27"><span class='ocrx_word' id='word_1_181' title='bbox 393 3837 669 3920; x_wconf 88' lang='lat' dir='ltr'>Conciouatns</span> <span class='ocrx_word' id='word_1_182' title='bbox 703 3851 765 3918; x_wconf 89' lang='lat' dir='ltr'>est</span> <span class='ocrx_word' id='word_1_183' title='bbox 797 3850 937 3917; x_wconf 91' lang='lat' dir='ltr'>autem</span> <span class='ocrx_word' id='word_1_184' title='bbox 960 3837 1181 3945; x_wconf 90' lang='lat' dir='ltr'>imperator</span> <span class='ocrx_word' id='word_1_185' title='bbox 1196 3838 1248 3919; x_wconf 90' lang='lat' dir='ltr'>ad</span> <span class='ocrx_word' id='word_1_186' title='bbox 1267 3837 1509 3920; x_wconf 85' lang='lat' dir='ltr'>uniuersum</span> <span class='ocrx_word' id='word_1_187' title='bbox 1528 3853 1666 3921; x_wconf 88' lang='lat' dir='ltr'>cetum</span> <span class='ocrx_word' id='word_1_188' title='bbox 1687 3840 1802 3924; x_wconf 89' lang='lat' dir='ltr'>lmn-</span> 
     </span>
     <span class='ocr_line' id='line_1_27' title="bbox 392 3953 1804 4069; baseline 0.004 -28"><span class='ocrx_word' id='word_1_189' title='bbox 392 3986 582 4066; x_wconf 84' lang='lat' dir='ltr'>garorum</span> <span class='ocrx_word' id='word_1_190' title='bbox 616 3984 689 4067; x_wconf 93' lang='lat' dir='ltr'>pro</span> <span class='ocrx_word' id='word_1_191' title='bbox 721 3984 872 4062; x_wconf 83' lang='lat' dir='ltr'>genero</span> <span class='ocrx_word' id='word_1_192' title='bbox 905 3984 980 4040; x_wconf 91' lang='lat' dir='ltr'>suo</span> <span class='ocrx_word' id='word_1_193' title='bbox 1015 3987 1108 4064; x_wconf 82' lang='lat' dir='ltr'>rege</span> <span class='ocrx_word' id='word_1_194' title='bbox 1141 3953 1414 4066; x_wconf 58' lang='lat' dir='ltr'>Saramonef)</span> <span class='ocrx_word' id='word_1_195' title='bbox 1432 3987 1665 4069; x_wconf 88' lang='lat' dir='ltr'>pacemque</span> <span class='ocrx_word' id='word_1_196' title='bbox 1689 3963 1804 4046; x_wconf 90' lang='lat' dir='ltr'>inter</span> 
     </span>
     <span class='ocr_line' id='line_1_28' title="bbox 393 4077 1802 4190; baseline 0.002 -26"><span class='ocrx_word' id='word_1_197' title='bbox 393 4107 463 4164; x_wconf 91' lang='lat' dir='ltr'>eos</span> <span class='ocrx_word' id='word_1_198' title='bbox 496 4083 758 4163; x_wconf 88' lang='lat' dir='ltr'>reformatam</span> <span class='ocrx_word' id='word_1_199' title='bbox 791 4080 1075 4162; x_wconf 86' lang='lat' dir='ltr'>iusiurandum</span> <span class='ocrx_word' id='word_1_200' title='bbox 1087 4077 1118 4188; x_wconf 83' lang='lat'>³)</span> <span class='ocrx_word' id='word_1_201' title='bbox 1152 4082 1347 4186; x_wconf 80' lang='lat' dir='ltr'>religione</span> <span class='ocrx_word' id='word_1_202' title='bbox 1373 4081 1613 4190; x_wconf 86' lang='lat' dir='ltr'>interposita</span> <span class='ocrx_word' id='word_1_203' title='bbox 1645 4085 1802 4167; x_wconf 82' lang='lat' dir='ltr'>confir·</span> 
     </span>
     <span class='ocr_line' id='line_1_29' title="bbox 393 4202 1802 4312; baseline 0.004 -27"><span class='ocrx_word' id='word_1_204' title='bbox 393 4203 533 4286; x_wconf 89' lang='lat' dir='ltr'>mauit.</span> <span class='ocrx_word' id='word_1_205' title='bbox 567 4202 718 4307; x_wconf 79' lang='lat' dir='ltr'>Regem</span> <span class='ocrx_word' id='word_1_206' title='bbox 753 4215 892 4283; x_wconf 88' lang='lat' dir='ltr'>autem</span> <span class='ocrx_word' id='word_1_207' title='bbox 926 4202 1190 4284; x_wconf 84' lang='lat' dir='ltr'>Salomonem</span> <span class='ocrx_word' id='word_1_208' title='bbox 1235 4205 1273 4283; x_wconf 92' lang='lat' dir='ltr'>in</span> <span class='ocrx_word' id='word_1_209' title='bbox 1309 4219 1479 4312; x_wconf 88' lang='lat' dir='ltr'>paterno</span> <span class='ocrx_word' id='word_1_210' title='bbox 1522 4203 1623 4287; x_wconf 85' lang='lat' dir='ltr'>solio</span> <span class='ocrx_word' id='word_1_211' title='bbox 1666 4207 1802 4312; x_wconf 82' lang='lat' dir='ltr'>glorie</span> 
     </span>
     <span class='ocr_line' id='line_1_30' title="bbox 392 4325 1804 4433; baseline 0.004 -25"><span class='ocrx_word' id='word_1_212' title='bbox 392 4339 633 4408; x_wconf 88' lang='lat' dir='ltr'>coronatum</span> <span class='ocrx_word' id='word_1_213' title='bbox 667 4353 761 4405; x_wconf 91' lang='lat' dir='ltr'>cnm</span> <span class='ocrx_word' id='word_1_214' title='bbox 796 4351 968 4407; x_wconf 87' lang='lat' dir='ltr'>assensu</span> <span class='ocrx_word' id='word_1_215' title='bbox 1002 4341 1043 4408; x_wconf 89' lang='lat' dir='ltr'>et</span> <span class='ocrx_word' id='word_1_216' title='bbox 1074 4325 1327 4407; x_wconf 81' lang='lat' dir='ltr'>clemacione</span> <span class='ocrx_word' id='word_1_217' title='bbox 1360 4327 1483 4408; x_wconf 88' lang='lat' dir='ltr'>totius</span> <span class='ocrx_word' id='word_1_218' title='bbox 1502 4327 1804 4433; x_wconf 80' lang='lat' dir='ltr'>Hungariese·</span> 
     </span>
     <span class='ocr_line' id='line_1_31' title="bbox 392 4445 1803 4556; baseline -0.004 -25"><span class='ocrx_word' id='word_1_219' title='bbox 392 4449 488 4531; x_wconf 91' lang='lat' dir='ltr'>dere</span> <span class='ocrx_word' id='word_1_220' title='bbox 530 4447 641 4528; x_wconf 86' lang='lat' dir='ltr'>fecit.</span> <span class='ocrx_word' id='word_1_221' title='bbox 681 4445 773 4554; x_wconf 87' lang='lat' dir='ltr'>lpse</span> <span class='ocrx_word' id='word_1_222' title='bbox 817 4472 916 4529; x_wconf 91' lang='lat' dir='ltr'>nero</span> <span class='ocrx_word' id='word_1_223' title='bbox 959 4447 1182 4554; x_wconf 88' lang='lat' dir='ltr'>imperator</span> <span class='ocrx_word' id='word_1_224' title='bbox 1221 4447 1348 4528; x_wconf 84' lang='lat' dir='ltr'>diuite</span> <span class='ocrx_word' id='word_1_225' title='bbox 1392 4475 1492 4552; x_wconf 77' lang='lat' dir='ltr'>gaza</span> <span class='ocrx_word' id='word_1_226' title='bbox 1522 4447 1736 4556; x_wconf 87' lang='lat' dir='ltr'>Hungarie</span> <span class='ocrx_word' id='word_1_227' title='bbox 1778 4480 1803 4535; x_wconf 88' lang='lat' dir='ltr'>a</span> 
     </span>
     <span class='ocr_line' id='line_1_32' title="bbox 392 4569 1801 4680; baseline 0.001 -26"><span class='ocrx_word' id='word_1_228' title='bbox 392 4597 487 4678; x_wconf 84' lang='lat' dir='ltr'>rege</span> <span class='ocrx_word' id='word_1_229' title='bbox 529 4569 748 4651; x_wconf 85' lang='lat' dir='ltr'>Salomone</span> <span class='ocrx_word' id='word_1_230' title='bbox 792 4584 1078 4651; x_wconf 88' lang='lat' dir='ltr'>remuneratus</span> <span class='ocrx_word' id='word_1_231' title='bbox 1121 4596 1316 4677; x_wconf 87' lang='lat' dir='ltr'>prospere</span> <span class='ocrx_word' id='word_1_232' title='bbox 1360 4569 1480 4651; x_wconf 86' lang='lat' dir='ltr'>rediit</span> <span class='ocrx_word' id='word_1_233' title='bbox 1519 4571 1570 4650; x_wconf 68' lang='lat' dir='ltr'>all</span> <span class='ocrx_word' id='word_1_234' title='bbox 1614 4574 1801 4680; x_wconf 89' lang='lat' dir='ltr'>propria.</span> 
     </span>
    </p>
   </div>
   <div class='ocr_carea' id='block_1_5' title="bbox 496 4843 1451 5060">
    <p class='ocr_par' dir='ltr' id='par_1_5' title="bbox 496 4843 1451 5060">
     <span class='ocr_line' id='line_1_33' title="bbox 501 4843 1451 4948; baseline -0.006 -23"><span class='ocrx_word' id='word_1_235' title='bbox 501 4851 526 4932; x_wconf 82' lang='lat' dir='ltr'>¹l</span> <span class='ocrx_word' id='word_1_236' title='bbox 555 4848 655 4924; x_wconf 85' lang='lat' dir='ltr'>arcis</span> <span class='ocrx_word' id='word_1_237' title='bbox 685 4850 723 4923; x_wconf 78' lang='grc' dir='ltr'>Τ.</span> <span class='ocrx_word' id='word_1_238' title='bbox 756 4845 783 4948; x_wconf 70' lang='lat' dir='ltr'>”l</span> <span class='ocrx_word' id='word_1_239' title='bbox 813 4849 993 4922; x_wconf 85' lang='lat' dir='ltr'>Salunrono</span> <span class='ocrx_word' id='word_1_240' title='bbox 1022 4847 1059 4918; x_wconf 87' lang='grc' dir='ltr'>Τ.</span> <span class='ocrx_word' id='word_1_241' title='bbox 1093 4843 1119 4944; x_wconf 76' lang='lat'>³)</span> <span class='ocrx_word' id='word_1_242' title='bbox 1148 4843 1382 4922; x_wconf 85' lang='lat' dir='ltr'>iurisiurandi.</span> <span class='ocrx_word' id='word_1_243' title='bbox 1414 4847 1451 4920; x_wconf 85' lang='grc' dir='ltr'>Τ.</span> 
     </span>
     <span class='ocr_line' id='line_1_34' title="bbox 496 4950 1349 5060; baseline -0.008 -31"><span class='ocrx_word' id='word_1_244' title='bbox 496 4950 530 5060; x_wconf 83' lang='grc'>*)</span> <span class='ocrx_word' id='word_1_245' title='bbox 560 4955 610 5028; x_wconf 89' lang='lat' dir='ltr'>De</span> <span class='ocrx_word' id='word_1_246' title='bbox 637 4956 784 5028; x_wconf 87' lang='lat' dir='ltr'>aduentu</span> <span class='ocrx_word' id='word_1_247' title='bbox 812 4951 1018 5047; x_wconf 83' lang='lat' dir='ltr'>inperatoris</span> <span class='ocrx_word' id='word_1_248' title='bbox 1047 4955 1167 5045; x_wconf 79' lang='lat' dir='ltr'>quarta</span> <span class='ocrx_word' id='word_1_249' title='bbox 1195 4951 1279 5025; x_wconf 83' lang='lat' dir='ltr'>uice.</span> <span class='ocrx_word' id='word_1_250' title='bbox 1310 4954 1349 5048; x_wconf 65' lang='lat' dir='ltr'>A,</span> 
     </span>
    </p>
   </div>
   <div class='ocr_carea' id='block_1_6' title="bbox 0 0 1961 5748">
    <p class='ocr_par' dir='ltr' id='par_1_6' title="bbox 0 0 1961 5748">
     <span class='ocr_line' id='line_1_35' title="bbox 0 0 1961 5748; baseline 0 0"><span class='ocrx_word' id='word_1_251' title='bbox 0 0 1961 5748; x_wconf 95' lang='lat' dir='ltr'> </span> 
     </span>
    </p>
   </div>
  </div>
 </body>
</html>
