3896 5758
812 429 967 530 Q

191 673 263 758 pro
295 645 496 729 militibus
528 643 762 748 solidandis,
811 640 1038 728 theutonici
1079 655 1218 724 tamen
1262 655 1303 725 et
1335 642 1453 725 latini
1496 671 1591 728 cum

193 772 279 879 ipso
321 771 374 852 ob
414 781 573 850 mettun
611 794 692 849 non
737 781 943 850 uenerunt
990 764 1281 872 hungarorum.
1330 766 1419 848 Rex
1453 781 1592 850 autem

192 893 382 976 Salomon
416 891 750 998 conquerebatur
781 890 918 973 Cesari
952 890 1003 971 de
1036 889 1255 972 amissione
1288 891 1402 996 regni
1435 889 1593 972 dicens:

192 1015 301 1122 quod
335 1015 386 1096 de
417 1040 542 1118 regno
563 1039 638 1094 suo
671 1013 875 1095 uiolenter
907 1024 1016 1096 esset
1033 1013 1247 1120 expulsus,
1273 1025 1313 1092 et
1329 1039 1413 1092 non
1430 1023 1593 1094 tantum

190 1138 264 1220 sibi
299 1136 372 1219 sed
405 1134 533 1240 magis
567 1134 737 1242 imperio
771 1135 930 1217 Cesaris
964 1135 1041 1215 hec
1073 1135 1221 1216 iniuria
1253 1147 1362 1217 esset
1392 1136 1514 1218 illata.
1543 1134 1595 1215 Et

191 1260 354 1342 dicebat
387 1259 425 1339 in
460 1269 597 1338 tanto:
630 1271 702 1338 tua
734 1259 888 1366 quippo
920 1257 1142 1363 llungaria,
1184 1272 1301 1338 tuum
1347 1286 1518 1364 regnum
1552 1257 1593 1338 in

191 1409 272 1490 quo
306 1407 374 1462 me
406 1407 543 1486 regem
579 1380 845 1482 constituisti3
878 1408 944 1460 me
961 1381 1163 1485 ¹regnante
1182 1380 1338 1486 optima
1354 1379 1467 1486 regni
1485 1379 1593 1462 illius

190 1517 260 1586 tue
293 1503 498 1586 maiestati
534 1513 739 1606 gratanter
780 1503 1058 1584 offerebantur
1101 1529 1239 1584 annuo
1282 1529 1422 1604 censu,
1455 1516 1497 1583 et
1528 1530 1593 1586 se·

190 1627 376 1709 cundum
410 1624 650 1706 mandatum
685 1637 802 1706 tuum
837 1625 911 1706 tibi
936 1626 1205 1708 seruiebatur.
1222 1623 1343 1706 Nunc
1360 1638 1499 1706 autern
1516 1623 1594 1707 hec

189 1749 328 1830 omnia
361 1748 435 1829 tibi
468 1747 726 1852 denegantur
757 1748 809 1828 ab
843 1748 916 1848 hic,
951 1747 1022 1853 qni
1056 1748 1225 1854 irnperio
1258 1761 1329 1828 tuo
1348 1747 1595 1828 detrimenta

187 1871 491 1952 machinantur.
523 1867 783 1976 Quapropter
813 1869 958 1952 uenias
991 1869 1033 1949 in
1074 1869 1341 1975 Hungariam,
1391 1883 1431 1950 et
1477 1883 1593 1951 tuam

185 1993 397 2076 ulciscaris
444 1991 656 2094 iniuriam,
705 2017 831 2098 snper
873 1991 1011 2074 hostes
1051 2004 1156 2095 tuoe,
1212 2005 1252 2072 et
1298 2019 1471 2098 regnum
1520 1991 1595 2073 tibi

187 2115 398 2198 vendices.

343 2235 430 2345 Hys
463 2236 584 2341 igitur
616 2235 754 2318 uerbis
787 2237 1009 2344 imperator
1035 2250 1172 2319 motus
1191 2265 1286 2318 cum
1305 2263 1454 2342 magno
1473 2263 1593 2318 exer·

187 2360 274 2441 citu
317 2358 485 2440 intrauit
524 2356 792 2464 Hnngariam.
843 2359 1097 2441 Alirnentum
1140 2385 1240 2441 uero
1276 2359 1328 2440 ad
1371 2387 1496 2442 usum
1527 2358 1592 2441 sni

184 2480 395 2564 exercitus
427 2480 623 2561 habunde
654 2480 818 2585 nauigio
850 2482 1059 2562 ferebatur
1091 2482 1133 2562 in
1164 2480 1371 2568 Danubio.
1400 2479 1592 2589 Cumque

183 2604 372 2686 uenisset
402 2603 624 2710 imperator
655 2603 705 2683 ad
737 2602 912 2686 fluuium
945 2602 1061 2708 Wag,
1098 2602 1293 2685 Salomon
1325 2604 1506 2711 acceptis
1523 2605 1593 2685 tri·

185 2727 266 2810 bus
300 2724 534 2830 agminibus
568 2724 769 2831 equitauit
801 2726 851 2805 de
885 2724 1594 2833 ScrnptesrrpcrNitriarn.Exe11n-

183 2861 246 2931 tes
281 2859 423 2930 autem
455 2847 630 2928 iuuenes
662 2847 938 2952 confligebant
969 2874 1111 2930 secum
1144 2876 1257 2929 nunc
1289 2848 1495 2956 hysnunc
1515 2847 1594 2931 illis

183 2970 455 3077 fugientibus
489 2981 530 3050 ct
561 2969 632 3050 din
664 2969 752 3050 sine
785 2969 958 3051 uulnere
996 2971 1260 3053 certantibus.
1310 2968 1426 3077 Opus
1474 2970 1593 3053 miles

184 3093 284 3200 (90)
320 3092 476 3173 electus
509 3119 561 3172 ex
595 3089 763 3172 milibus
811 3093 959 3173 sedens
1007 3120 1133 3199 super
1174 3091 1429 3173 dextrarium
1470 3119 1594 3174 suum

182 3214 303 3296 irruit
335 3240 460 3321 super
492 3225 651 3320 portam
686 3213 874 3317 ciuitatis,
908 3229 949 3294 et
980 3243 1112 3296 unum
1146 3214 1197 3295 (le
1214 3213 1496 3320 pugnantibus
1513 3212 1593 3294 ful·

183 3336 374 3418 minauit.
406 3335 630 3417 Nitrienses
662 3361 762 3416 uero
796 3334 847 3415 de
879 3347 1010 3418 morte
1043 3335 1142 3418 socii
1174 3336 1239 3418 sui
1266 3334 1429 3438 turbati,
1448 3334 1595 3416 acriter

182 3457 466 3565 ingemebant,
499 3457 541 3538 in
574 3455 691 3564 Opus
723 3456 954 3540 iaculantes
982 3458 1159 3557 lanceae,
1177 3458 1432 3539 dextrarium
1469 3484 1592 3540 suurn

183 3579 494 3662 interfecerunt.
526 3580 620 3685 lpse
653 3591 791 3661 autem
825 3579 982 3660 fortiter
1014 3579 1072 3662 eis
1104 3580 1297 3662 resistens
1330 3579 1471 3662 illesus
1495 3605 1594 3662 eua-

182 3704 250 3786 sit.
284 3701 387 3783 Inde
420 3727 516 3807 ergo
547 3713 804 3784 reuertentes
837 3702 1064 3783 theutonici
1096 3703 1318 3783 narrabant
1357 3701 1594 3810 imperatori

182 3824 404 3907 audaciam
439 3822 567 3931 OpuS,
601 3835 642 3903 et
672 3823 956 3905 incredibilem
991 3824 1080 3906 eius
1112 3823 1347 3931 potenciam
1375 3823 1418 3905 in
1450 3823 1590 3932 prelio

183 3947 418 4054 Imperator
449 3957 588 4027 autem
622 3946 818 4026 accersito
852 3971 901 4026 eo
933 3945 1092 4050 magnis
1126 3973 1222 4027 eum
1254 3946 1448 4030 laudibus
1481 3973 1594 4027 com·

182 4067 413 4170 mendauit,
448 4079 489 4148 et
519 4066 657 4149 uerbis
690 4067 882 4148 dulcibus
914 4067 1170 4170 gratificanit.
1196 4065 1595 4176 QuesiuitqueaSa-

182 4191 368 4292 lomone,
401 4189 435 4270 si
467 4189 578 4296 apud
612 4189 789 4296 Geysanr
825 4203 866 4269 ot
897 4189 1134 4270 Ladizlaum
1175 4201 1314 4272 essent
1352 4189 1473 4272 multi
1510 4204 1595 4270 tam

183 4311 289 4395 boni
324 4310 502 4392 milites?
533 4309 727 4391 Salomon
760 4322 899 4392 autem
934 4309 1152 4394 intendens
1185 4311 1353 4393 laudare
1376 4312 1594 4417 hungaros,

182 4433 505 4542 inpremeditate
538 4432 769 4538 respondit:
802 4431 920 4514 hlulti
953 4445 1051 4513 sunt
1083 4433 1287 4540 inquiens
1321 4433 1444 4514 etiarn
1462 4432 1595 4514 multo

182 4555 391 4638 meliores.
425 4553 501 4635 Cui
533 4554 773 4661 imperator:
808 4553 849 4634 Si
882 4553 937 4635 ita
970 4568 1042 4658 est,
1061 4555 1212 4637 talibus
1229 4555 1428 4638 militibus
1446 4581 1595 4661 repug-

182 4677 383 4760 nantibus
416 4702 498 4756 non
532 4675 796 4783 recuperabis
828 4703 1014 4780 regnum.
1057 4675 1146 4758 Rex
1179 4689 1321 4759 autern
1353 4679 1491 4786 Geysa
1521 4702 1594 4757 au·

181 4800 304 4882 diens
337 4798 628 4906 imperatorem
661 4797 901 4904 peruenisse
934 4796 1117 4901 Vaciam,
1151 4798 1346 4906 prudenti
1377 4823 1594 4882 ususcon·

180 4921 287 5026 silio,
320 4921 438 5004 iussit
468 4932 713 5030 attemptare
747 4931 787 5001 et
818 4920 1054 5003 demulcere
1086 4921 1362 5029 patriarcham
1393 4918 1592 5030 aquilegi-
