<?xml version="1.0" encoding="UTF-8"?>
<!DOCTYPE html PUBLIC "-//W3C//DTD XHTML 1.0 Transitional//EN"
    "http://www.w3.org/TR/xhtml1/DTD/xhtml1-transitional.dtd">
<html xmlns="http://www.w3.org/1999/xhtml" xml:lang="en" lang="en">
 <head>
  <title>
</title>
<meta http-equiv="Content-Type" content="text/html;charset=utf-8" />
  <meta name='ocr-system' content='tesseract 3.04.00' />
  <meta name='ocr-capabilities' content='ocr_page ocr_carea ocr_par ocr_line ocrx_word'/>
</head>
<body>
  <div class='ocr_page' id='page_1' title='image "./chronicahungaro00florgoog_0234.png"; bbox 0 0 3896 5758; ppageno 0'>
   <div class='ocr_carea' id='block_1_1' title="bbox 786 529 940 646">
    <p class='ocr_par' dir='ltr' id='par_1_1' title="bbox 786 527 940 646">
     <span class='ocr_line' id='line_1_1' title="bbox 786 529 940 646; baseline 0 -108"><span class='ocrx_word' id='word_1_1' title='bbox 786 529 940 646; x_wconf 39' lang='lat'>303-</span> 
     </span>
    </p>
   </div>
   <div class='ocr_carea' id='block_1_2' title="bbox 164 751 1651 4746">
    <p class='ocr_par' dir='ltr' id='par_1_2' title="bbox 164 751 1651 4746">
     <span class='ocr_line' id='line_1_2' title="bbox 166 751 1567 864; baseline 0 -26"><span class='ocrx_word' id='word_1_2' title='bbox 166 757 299 864; x_wconf 84' lang='lat' dir='ltr'>ipsum</span> <span class='ocrx_word' id='word_1_3' title='bbox 334 756 561 842; x_wconf 87' lang='lat' dir='ltr'>adiuuaret.</span> <span class='ocrx_word' id='word_1_4' title='bbox 612 757 698 838; x_wconf 80' lang='lat' dir='ltr'>llex</span> <span class='ocrx_word' id='word_1_5' title='bbox 743 770 883 844; x_wconf 89' lang='lat' dir='ltr'>autem</span> <span class='ocrx_word' id='word_1_6' title='bbox 927 755 1162 863; x_wconf 74' lang='lat' dir='ltr'>Stephanus</span> <span class='ocrx_word' id='word_1_7' title='bbox 1200 757 1346 840; x_wconf 88' lang='lat' dir='ltr'>nolens</span> <span class='ocrx_word' id='word_1_8' title='bbox 1378 751 1567 840; x_wconf 87' lang='lat' dir='ltr'>iniuriam</span> 
     </span>
     <span class='ocr_line' id='line_1_3' title="bbox 166 878 1571 988; baseline 0.002 -27"><span class='ocrx_word' id='word_1_9' title='bbox 166 879 290 988; x_wconf 90' lang='lat' dir='ltr'>patris</span> <span class='ocrx_word' id='word_1_10' title='bbox 323 881 387 962; x_wconf 89' lang='lat' dir='ltr'>sui</span> <span class='ocrx_word' id='word_1_11' title='bbox 419 881 524 986; x_wconf 87' lang='lat' dir='ltr'>regis</span> <span class='ocrx_word' id='word_1_12' title='bbox 557 878 772 961; x_wconf 90' lang='lat' dir='ltr'>Colomani</span> <span class='ocrx_word' id='word_1_13' title='bbox 805 881 1028 980; x_wconf 86' lang='lat' dir='ltr'>uindicare,</span> <span class='ocrx_word' id='word_1_14' title='bbox 1051 879 1238 985; x_wconf 83' lang='lat' dir='ltr'>promisit</span> <span class='ocrx_word' id='word_1_15' title='bbox 1269 879 1419 962; x_wconf 89' lang='lat' dir='ltr'>ducem</span> <span class='ocrx_word' id='word_1_16' title='bbox 1453 881 1571 964; x_wconf 88' lang='lat' dir='ltr'>adiu·</span> 
     </span>
     <span class='ocr_line' id='line_1_4' title="bbox 164 999 1570 1110; baseline 0 -26"><span class='ocrx_word' id='word_1_17' title='bbox 164 1015 371 1103; x_wconf 84' lang='lat' dir='ltr'>naturum,</span> <span class='ocrx_word' id='word_1_18' title='bbox 421 1019 462 1083; x_wconf 92' lang='lat' dir='ltr'>et</span> <span class='ocrx_word' id='word_1_19' title='bbox 501 1002 673 1083; x_wconf 90' lang='lat' dir='ltr'>collecto</span> <span class='ocrx_word' id='word_1_20' title='bbox 722 1003 908 1084; x_wconf 84' lang='lat' dir='ltr'>exercitu</span> <span class='ocrx_word' id='word_1_21' title='bbox 945 1000 1022 1083; x_wconf 91' lang='lat' dir='ltr'>iuit</span> <span class='ocrx_word' id='word_1_22' title='bbox 1054 1001 1093 1080; x_wconf 91' lang='lat' dir='ltr'>in</span> <span class='ocrx_word' id='word_1_23' title='bbox 1127 999 1332 1084; x_wconf 85' lang='lat' dir='ltr'>Rusciam.</span> <span class='ocrx_word' id='word_1_24' title='bbox 1378 1001 1570 1110; x_wconf 85' lang='lat' dir='ltr'>Cumque</span> 
     </span>
     <span class='ocr_line' id='line_1_5' title="bbox 165 1119 1571 1232; baseline 0.001 -27"><span class='ocrx_word' id='word_1_25' title='bbox 165 1123 435 1232; x_wconf 84' lang='lat' dir='ltr'>peruenisset,</span> <span class='ocrx_word' id='word_1_26' title='bbox 469 1125 626 1232; x_wconf 88' lang='lat' dir='ltr'>primus</span> <span class='ocrx_word' id='word_1_27' title='bbox 659 1123 820 1208; x_wconf 86' lang='lat' dir='ltr'>obsedit</span> <span class='ocrx_word' id='word_1_28' title='bbox 842 1135 1035 1206; x_wconf 78' lang='lat' dir='ltr'><strong>castrum.</strong></span> <span class='ocrx_word' id='word_1_29' title='bbox 1053 1119 1232 1229; x_wconf 89' lang='lat' dir='ltr'>Contigit</span> <span class='ocrx_word' id='word_1_30' title='bbox 1248 1137 1387 1207; x_wconf 89' lang='lat' dir='ltr'>autem</span> <span class='ocrx_word' id='word_1_31' title='bbox 1406 1152 1571 1209; x_wconf 90' lang='lat' dir='ltr'>summo</span> 
     </span>
     <span class='ocr_line' id='line_1_6' title="bbox 165 1245 1571 1353; baseline 0.002 -27"><span class='ocrx_word' id='word_1_32' title='bbox 165 1245 360 1348; x_wconf 84' lang='lat' dir='ltr'>dilucul0,</span> <span class='ocrx_word' id='word_1_33' title='bbox 394 1246 503 1352; x_wconf 89' lang='lat' dir='ltr'>quod</span> <span class='ocrx_word' id='word_1_34' title='bbox 546 1247 756 1353; x_wconf 88' lang='lat' dir='ltr'>predictus</span> <span class='ocrx_word' id='word_1_35' title='bbox 804 1247 889 1328; x_wconf 84' lang='lat' dir='ltr'>dux</span> <span class='ocrx_word' id='word_1_36' title='bbox 922 1246 1057 1326; x_wconf 90' lang='lat' dir='ltr'>Bezen</span> <span class='ocrx_word' id='word_1_37' title='bbox 1090 1245 1333 1328; x_wconf 85' lang='lat' dir='ltr'>ambulabat</span> <span class='ocrx_word' id='word_1_38' title='bbox 1364 1247 1471 1330; x_wconf 89' lang='lat' dir='ltr'>circa</span> <span class='ocrx_word' id='word_1_39' title='bbox 1504 1275 1571 1329; x_wconf 87' lang='lat' dir='ltr'>ca·</span> 
     </span>
     <span class='ocr_line' id='line_1_7' title="bbox 165 1367 1571 1476; baseline 0.001 -26"><span class='ocrx_word' id='word_1_40' title='bbox 165 1383 308 1471; x_wconf 81' lang='lat' dir='ltr'>sturm,</span> <span class='ocrx_word' id='word_1_41' title='bbox 348 1368 604 1475; x_wconf 89' lang='lat' dir='ltr'>prcuidendo</span> <span class='ocrx_word' id='word_1_42' title='bbox 640 1368 732 1450; x_wconf 90' lang='lat' dir='ltr'>loca</span> <span class='ocrx_word' id='word_1_43' title='bbox 775 1367 1044 1476; x_wconf 84' lang='lat' dir='ltr'>expugnandi</span> <span class='ocrx_word' id='word_1_44' title='bbox 1084 1367 1354 1452; x_wconf 82' lang='lat' dir='ltr'>municiones.</span> <span class='ocrx_word' id='word_1_45' title='bbox 1404 1369 1571 1453; x_wconf 77' lang='lat' dir='ltr'>Obsessi</span> 
     </span>
     <span class='ocr_line' id='line_1_8' title="bbox 166 1488 1571 1598; baseline 0.001 -27"><span class='ocrx_word' id='word_1_46' title='bbox 166 1517 264 1571; x_wconf 91' lang='lat' dir='ltr'>uero</span> <span class='ocrx_word' id='word_1_47' title='bbox 299 1489 516 1572; x_wconf 82' lang='lat' dir='ltr'>exiuerant</span> <span class='ocrx_word' id='word_1_48' title='bbox 547 1491 599 1572; x_wconf 87' lang='lat' dir='ltr'>de</span> <span class='ocrx_word' id='word_1_49' title='bbox 632 1506 764 1573; x_wconf 88' lang='lat' dir='ltr'>castro</span> <span class='ocrx_word' id='word_1_50' title='bbox 798 1517 924 1572; x_wconf 90' lang='lat' dir='ltr'>causa</span> <span class='ocrx_word' id='word_1_51' title='bbox 956 1488 1150 1571; x_wconf 89' lang='lat' dir='ltr'>uisitandi</span> <span class='ocrx_word' id='word_1_52' title='bbox 1183 1489 1401 1598; x_wconf 90' lang='lat' dir='ltr'>hungaros.</span> <span class='ocrx_word' id='word_1_53' title='bbox 1445 1491 1571 1574; x_wconf 90' lang='lat' dir='ltr'>Curn-</span> 
     </span>
     <span class='ocr_line' id='line_1_9' title="bbox 167 1610 1571 1722; baseline 0 -28"><span class='ocrx_word' id='word_1_54' title='bbox 167 1639 247 1720; x_wconf 86' lang='lat' dir='ltr'>que</span> <span class='ocrx_word' id='word_1_55' title='bbox 280 1612 367 1692; x_wconf 85' lang='lat' dir='ltr'>dux</span> <span class='ocrx_word' id='word_1_56' title='bbox 400 1611 572 1695; x_wconf 90' lang='lat' dir='ltr'>uidisset</span> <span class='ocrx_word' id='word_1_57' title='bbox 603 1613 706 1716; x_wconf 89' lang='lat' dir='ltr'>illos,</span> <span class='ocrx_word' id='word_1_58' title='bbox 740 1612 942 1722; x_wconf 87' lang='lat' dir='ltr'>impeturn</span> <span class='ocrx_word' id='word_1_59' title='bbox 977 1610 1075 1692; x_wconf 86' lang='lat' dir='ltr'>fecit</span> <span class='ocrx_word' id='word_1_60' title='bbox 1105 1638 1232 1720; x_wconf 89' lang='lat' dir='ltr'>super</span> <span class='ocrx_word' id='word_1_61' title='bbox 1262 1613 1364 1716; x_wconf 85' lang='lat' dir='ltr'>illos,</span> <span class='ocrx_word' id='word_1_62' title='bbox 1409 1615 1478 1721; x_wconf 93' lang='lat' dir='ltr'>qui</span> <span class='ocrx_word' id='word_1_63' title='bbox 1511 1614 1571 1694; x_wconf 85' lang='lat' dir='ltr'>ri-</span> 
     </span>
     <span class='ocr_line' id='line_1_10' title="bbox 166 1733 1571 1842; baseline 0.003 -28"><span class='ocrx_word' id='word_1_64' title='bbox 166 1733 292 1814; x_wconf 88' lang='lat' dir='ltr'>riliter</span> <span class='ocrx_word' id='word_1_65' title='bbox 322 1748 566 1841; x_wconf 87' lang='lat' dir='ltr'>pugnantes,</span> <span class='ocrx_word' id='word_1_66' title='bbox 600 1735 750 1817; x_wconf 90' lang='lat' dir='ltr'>ducem</span> <span class='ocrx_word' id='word_1_67' title='bbox 783 1761 917 1842; x_wconf 91' lang='lat' dir='ltr'>usque</span> <span class='ocrx_word' id='word_1_68' title='bbox 952 1733 1003 1814; x_wconf 88' lang='lat' dir='ltr'>ad</span> <span class='ocrx_word' id='word_1_69' title='bbox 1036 1747 1211 1816; x_wconf 91' lang='lat' dir='ltr'>mortem</span> <span class='ocrx_word' id='word_1_70' title='bbox 1230 1735 1571 1819; x_wconf 90' lang='lat' dir='ltr'>uulnerauerunt.</span> 
     </span>
     <span class='ocr_line' id='line_1_11' title="bbox 167 1853 1572 1963; baseline 0.003 -27"><span class='ocrx_word' id='word_1_71' title='bbox 167 1853 356 1962; x_wconf 80' lang='lat' dir='ltr'>Cumque</span> <span class='ocrx_word' id='word_1_72' title='bbox 391 1881 466 1936; x_wconf 81' lang='lat' dir='ltr'>rex</span> <span class='ocrx_word' id='word_1_73' title='bbox 498 1857 681 1940; x_wconf 87' lang='lat' dir='ltr'>audisset</span> <span class='ocrx_word' id='word_1_74' title='bbox 714 1857 765 1938; x_wconf 92' lang='lat' dir='ltr'>de</span> <span class='ocrx_word' id='word_1_75' title='bbox 798 1870 928 1937; x_wconf 85' lang='lat' dir='ltr'>morte</span> <span class='ocrx_word' id='word_1_76' title='bbox 962 1855 1090 1958; x_wconf 88' lang='lat' dir='ltr'>ducis,</span> <span class='ocrx_word' id='word_1_77' title='bbox 1108 1855 1344 1963; x_wconf 86' lang='lat' dir='ltr'>indignatus</span> <span class='ocrx_word' id='word_1_78' title='bbox 1370 1872 1434 1940; x_wconf 88' lang='lat' dir='ltr'>est</span> <span class='ocrx_word' id='word_1_79' title='bbox 1450 1857 1572 1940; x_wconf 85' lang='lat' dir='ltr'>ualde</span> 
     </span>
     <span class='ocr_line' id='line_1_12' title="bbox 167 1977 1574 2088; baseline 0.003 -30"><span class='ocrx_word' id='word_1_80' title='bbox 167 1995 207 2059; x_wconf 89' lang='lat' dir='ltr'>et</span> <span class='ocrx_word' id='word_1_81' title='bbox 236 1977 425 2086; x_wconf 88' lang='lat' dir='ltr'>precepit</span> <span class='ocrx_word' id='word_1_82' title='bbox 456 1979 649 2062; x_wconf 86' lang='lat' dir='ltr'>omnibus</span> <span class='ocrx_word' id='word_1_83' title='bbox 685 1979 879 2085; x_wconf 88' lang='lat' dir='ltr'>hungaris</span> <span class='ocrx_word' id='word_1_84' title='bbox 911 1991 959 2059; x_wconf 90' lang='lat' dir='ltr'>ut</span> <span class='ocrx_word' id='word_1_85' title='bbox 990 1992 1169 2060; x_wconf 87' lang='lat' dir='ltr'>castrum</span> <span class='ocrx_word' id='word_1_86' title='bbox 1204 1979 1503 2088; x_wconf 84' lang='lat' dir='ltr'>obpugnarent,</span> <span class='ocrx_word' id='word_1_87' title='bbox 1532 1993 1574 2062; x_wconf 93' lang='lat' dir='ltr'>et</span> 
     </span>
     <span class='ocr_line' id='line_1_13' title="bbox 168 2099 1572 2208; baseline 0.001 -28"><span class='ocrx_word' id='word_1_88' title='bbox 168 2099 313 2182; x_wconf 89' lang='lat' dir='ltr'>eodem</span> <span class='ocrx_word' id='word_1_89' title='bbox 346 2100 412 2181; x_wconf 90' lang='lat' dir='ltr'>die</span> <span class='ocrx_word' id='word_1_90' title='bbox 446 2101 643 2206; x_wconf 84' lang='lat' dir='ltr'>eligerent</span> <span class='ocrx_word' id='word_1_91' title='bbox 676 2101 934 2186; x_wconf 87' lang='lat' dir='ltr'>municiones</span> <span class='ocrx_word' id='word_1_92' title='bbox 967 2100 1176 2208; x_wconf 87' lang='lat' dir='ltr'>possidere</span> <span class='ocrx_word' id='word_1_93' title='bbox 1209 2101 1278 2183; x_wconf 89' lang='lat' dir='ltr'>uel</span> <span class='ocrx_word' id='word_1_94' title='bbox 1310 2102 1426 2184; x_wconf 93' lang='lat' dir='ltr'>mori.</span> <span class='ocrx_word' id='word_1_95' title='bbox 1458 2102 1572 2184; x_wconf 86' lang='lat' dir='ltr'>Prin·</span> 
     </span>
     <span class='ocr_line' id='line_1_14' title="bbox 169 2221 1572 2330; baseline 0.001 -28"><span class='ocrx_word' id='word_1_96' title='bbox 169 2222 279 2330; x_wconf 85' lang='lat' dir='ltr'>cipes</span> <span class='ocrx_word' id='word_1_97' title='bbox 312 2236 451 2304; x_wconf 90' lang='lat' dir='ltr'>autem</span> <span class='ocrx_word' id='word_1_98' title='bbox 494 2222 703 2329; x_wconf 89' lang='lat' dir='ltr'>Hungarie</span> <span class='ocrx_word' id='word_1_99' title='bbox 745 2224 981 2305; x_wconf 89' lang='lat' dir='ltr'>babuerunt</span> <span class='ocrx_word' id='word_1_100' title='bbox 1025 2221 1241 2306; x_wconf 90' lang='lat' dir='ltr'>consilium</span> <span class='ocrx_word' id='word_1_101' title='bbox 1277 2236 1319 2304; x_wconf 91' lang='lat' dir='ltr'>et</span> <span class='ocrx_word' id='word_1_102' title='bbox 1350 2224 1572 2306; x_wconf 82' lang='lat' dir='ltr'>dixerunt:</span> 
     </span>
     <span class='ocr_line' id='line_1_15' title="bbox 169 2341 1572 2454; baseline 0.003 -30"><span class='ocrx_word' id='word_1_103' title='bbox 169 2341 273 2438; x_wconf 85' lang='lat' dir='ltr'>Quid</span> <span class='ocrx_word' id='word_1_104' title='bbox 309 2358 350 2425; x_wconf 92' lang='lat' dir='ltr'>et</span> <span class='ocrx_word' id='word_1_105' title='bbox 382 2371 509 2452; x_wconf 87' lang='lat' dir='ltr'>quare</span> <span class='ocrx_word' id='word_1_106' title='bbox 542 2346 766 2428; x_wconf 85' lang='lat' dir='ltr'>morimur?</span> <span class='ocrx_word' id='word_1_107' title='bbox 799 2344 840 2428; x_wconf 87' lang='lat' dir='ltr'>Si</span> <span class='ocrx_word' id='word_1_108' title='bbox 873 2344 1070 2426; x_wconf 87' lang='lat' dir='ltr'>ducatum</span> <span class='ocrx_word' id='word_1_109' title='bbox 1103 2345 1428 2450; x_wconf 89' lang='lat' dir='ltr'>vendicabimus,</span> <span class='ocrx_word' id='word_1_110' title='bbox 1447 2373 1572 2454; x_wconf 89' lang='lat' dir='ltr'>quern</span> 
     </span>
     <span class='ocr_line' id='line_1_16' title="bbox 168 2465 1575 2574; baseline 0.003 -29"><span class='ocrx_word' id='word_1_111' title='bbox 168 2493 237 2546; x_wconf 88' lang='lat' dir='ltr'>rex</span> <span class='ocrx_word' id='word_1_112' title='bbox 275 2492 327 2546; x_wconf 82' lang='lat' dir='ltr'>ex</span> <span class='ocrx_word' id='word_1_113' title='bbox 362 2466 481 2548; x_wconf 92' lang='lat' dir='ltr'>nobis</span> <span class='ocrx_word' id='word_1_114' title='bbox 515 2467 740 2550; x_wconf 88' lang='lat' dir='ltr'>constituet</span> <span class='ocrx_word' id='word_1_115' title='bbox 770 2467 947 2550; x_wconf 77' lang='lat' dir='ltr'>ducein?</span> <span class='ocrx_word' id='word_1_116' title='bbox 979 2465 1215 2549; x_wconf 88' lang='lat' dir='ltr'>Stabilitum&#39;</span> <span class='ocrx_word' id='word_1_117' title='bbox 1248 2467 1370 2574; x_wconf 91' lang='lat' dir='ltr'>igitur</span> <span class='ocrx_word' id='word_1_118' title='bbox 1396 2469 1448 2552; x_wconf 90' lang='lat' dir='ltr'>sit</span> <span class='ocrx_word' id='word_1_119' title='bbox 1469 2468 1575 2551; x_wconf 92' lang='lat' dir='ltr'>inter</span> 
     </span>
     <span class='ocr_line' id='line_1_17' title="bbox 168 2588 1574 2700; baseline 0.003 -32"><span class='ocrx_word' id='word_1_120' title='bbox 168 2614 252 2691; x_wconf 87' lang='lat' dir='ltr'>nos,</span> <span class='ocrx_word' id='word_1_121' title='bbox 286 2588 398 2694; x_wconf 92' lang='lat' dir='ltr'>quod</span> <span class='ocrx_word' id='word_1_122' title='bbox 430 2589 570 2671; x_wconf 88' lang='lat' dir='ltr'>nullus</span> <span class='ocrx_word' id='word_1_123' title='bbox 604 2603 783 2674; x_wconf 89' lang='lat' dir='ltr'>castrum</span> <span class='ocrx_word' id='word_1_124' title='bbox 817 2589 1042 2697; x_wconf 81' lang='lat' dir='ltr'>obpugnet,</span> <span class='ocrx_word' id='word_1_125' title='bbox 1077 2601 1117 2670; x_wconf 88' lang='lat' dir='ltr'>et</span> <span class='ocrx_word' id='word_1_126' title='bbox 1149 2589 1336 2673; x_wconf 89' lang='lat' dir='ltr'>dicamus</span> <span class='ocrx_word' id='word_1_127' title='bbox 1361 2591 1457 2698; x_wconf 88' lang='lat' dir='ltr'>regi,</span> <span class='ocrx_word' id='word_1_128' title='bbox 1475 2591 1574 2700; x_wconf 87' lang='lat' dir='ltr'>qnia</span> 
     </span>
     <span class='ocr_line' id='line_1_18' title="bbox 169 2709 1571 2820; baseline 0.002 -30"><span class='ocrx_word' id='word_1_129' title='bbox 169 2709 243 2791; x_wconf 90' lang='lat' dir='ltr'>hec</span> <span class='ocrx_word' id='word_1_130' title='bbox 275 2711 416 2791; x_wconf 92' lang='lat' dir='ltr'>omnia</span> <span class='ocrx_word' id='word_1_131' title='bbox 447 2711 604 2818; x_wconf 89' lang='lat' dir='ltr'>absque</span> <span class='ocrx_word' id='word_1_132' title='bbox 639 2713 808 2795; x_wconf 91' lang='lat' dir='ltr'>consilio</span> <span class='ocrx_word' id='word_1_133' title='bbox 842 2737 1012 2794; x_wconf 92' lang='lat' dir='ltr'>suorum</span> <span class='ocrx_word' id='word_1_134' title='bbox 1046 2710 1280 2820; x_wconf 85' lang='lat' dir='ltr'>principum</span> <span class='ocrx_word' id='word_1_135' title='bbox 1312 2713 1422 2800; x_wconf 76' lang='lat' dir='ltr'>facit.</span> <span class='ocrx_word' id='word_1_136' title='bbox 1467 2711 1571 2795; x_wconf 89' lang='lat' dir='ltr'>Cum</span> 
     </span>
     <span class='ocr_line' id='line_1_19' title="bbox 167 2831 1574 2941; baseline 0.004 -29"><span class='ocrx_word' id='word_1_137' title='bbox 167 2857 264 2913; x_wconf 87' lang='lat' dir='ltr'>uero</span> <span class='ocrx_word' id='word_1_138' title='bbox 297 2831 505 2941; x_wconf 90' lang='lat' dir='ltr'>principes</span> <span class='ocrx_word' id='word_1_139' title='bbox 537 2835 751 2918; x_wconf 89' lang='lat' dir='ltr'>uenissent</span> <span class='ocrx_word' id='word_1_140' title='bbox 783 2834 835 2916; x_wconf 89' lang='lat' dir='ltr'>ad</span> <span class='ocrx_word' id='word_1_141' title='bbox 868 2833 1085 2916; x_wconf 91' lang='lat' dir='ltr'>consilium</span> <span class='ocrx_word' id='word_1_142' title='bbox 1111 2834 1228 2939; x_wconf 90' lang='lat' dir='ltr'>regis,</span> <span class='ocrx_word' id='word_1_143' title='bbox 1250 2861 1394 2919; x_wconf 91' lang='lat' dir='ltr'>omnes</span> <span class='ocrx_word' id='word_1_144' title='bbox 1411 2836 1452 2917; x_wconf 91' lang='lat' dir='ltr'>in</span> <span class='ocrx_word' id='word_1_145' title='bbox 1470 2835 1574 2918; x_wconf 86' lang='lat' dir='ltr'>duas</span> 
     </span>
     <span class='ocr_line' id='line_1_20' title="bbox 169 2955 1572 3061; baseline 0.002 -27"><span class='ocrx_word' id='word_1_146' title='bbox 169 2966 304 3061; x_wconf 86' lang='lat' dir='ltr'>partes</span> <span class='ocrx_word' id='word_1_147' title='bbox 336 2981 380 3037; x_wconf 92' lang='lat' dir='ltr'>se</span> <span class='ocrx_word' id='word_1_148' title='bbox 414 2957 723 3040; x_wconf 85' lang='lat' dir='ltr'>transtulerunt.</span> <span class='ocrx_word' id='word_1_149' title='bbox 756 2955 835 3038; x_wconf 89' lang='lat' dir='ltr'>Sed</span> <span class='ocrx_word' id='word_1_150' title='bbox 871 2955 1022 3038; x_wconf 87' lang='lat' dir='ltr'>Cosma</span> <span class='ocrx_word' id='word_1_151' title='bbox 1053 2955 1105 3036; x_wconf 91' lang='lat' dir='ltr'>de</span> <span class='ocrx_word' id='word_1_152' title='bbox 1138 2983 1287 3061; x_wconf 91' lang='lat' dir='ltr'>genere</span> <span class='ocrx_word' id='word_1_153' title='bbox 1305 2957 1464 3042; x_wconf 86' lang='lat' dir='ltr'>Paznan</span> <span class='ocrx_word' id='word_1_154' title='bbox 1485 2984 1572 3039; x_wconf 91' lang='lat' dir='ltr'>ere·</span> 
     </span>
     <span class='ocr_line' id='line_1_21' title="bbox 169 3075 1571 3186; baseline 0.003 -30"><span class='ocrx_word' id='word_1_155' title='bbox 169 3075 229 3157; x_wconf 71' lang='lat' dir='ltr'>nit</span> <span class='ocrx_word' id='word_1_156' title='bbox 259 3103 316 3180; x_wconf 85' lang='lat' dir='ltr'>se,</span> <span class='ocrx_word' id='word_1_157' title='bbox 350 3076 492 3160; x_wconf 91' lang='lat' dir='ltr'>dicens</span> <span class='ocrx_word' id='word_1_158' title='bbox 524 3079 630 3186; x_wconf 87' lang='lat' dir='ltr'>regi:</span> <span class='ocrx_word' id='word_1_159' title='bbox 663 3077 841 3162; x_wconf 92' lang='lat' dir='ltr'>Domine</span> <span class='ocrx_word' id='word_1_160' title='bbox 875 3077 974 3186; x_wconf 93' lang='lat' dir='ltr'>quid</span> <span class='ocrx_word' id='word_1_161' title='bbox 1008 3090 1070 3159; x_wconf 90' lang='lat' dir='ltr'>est</span> <span class='ocrx_word' id='word_1_162' title='bbox 1102 3079 1214 3185; x_wconf 90' lang='lat' dir='ltr'>quod</span> <span class='ocrx_word' id='word_1_163' title='bbox 1245 3079 1375 3163; x_wconf 83' lang='lat' dir='ltr'>lacis?</span> <span class='ocrx_word' id='word_1_164' title='bbox 1402 3079 1443 3161; x_wconf 86' lang='lat' dir='ltr'>Si</span> <span class='ocrx_word' id='word_1_165' title='bbox 1476 3107 1571 3162; x_wconf 88' lang='lat' dir='ltr'>cum</span> 
     </span>
     <span class='ocr_line' id='line_1_22' title="bbox 169 3198 1572 3312; baseline 0.003 -34"><span class='ocrx_word' id='word_1_166' title='bbox 169 3198 431 3281; x_wconf 90' lang='lat' dir='ltr'>multitudine</span> <span class='ocrx_word' id='word_1_167' title='bbox 474 3216 605 3282; x_wconf 89' lang='lat' dir='ltr'>morte</span> <span class='ocrx_word' id='word_1_168' title='bbox 646 3200 823 3284; x_wconf 91' lang='lat' dir='ltr'>militum</span> <span class='ocrx_word' id='word_1_169' title='bbox 864 3215 1029 3282; x_wconf 88' lang='lat' dir='ltr'>tuorum</span> <span class='ocrx_word' id='word_1_170' title='bbox 1074 3215 1253 3282; x_wconf 88' lang='lat' dir='ltr'>castrum</span> <span class='ocrx_word' id='word_1_171' title='bbox 1287 3201 1412 3310; x_wconf 83' lang='lat' dir='ltr'>capis,</span> <span class='ocrx_word' id='word_1_172' title='bbox 1446 3229 1572 3312; x_wconf 89' lang='lat' dir='ltr'>quern</span> 
     </span>
     <span class='ocr_line' id='line_1_23' title="bbox 169 3319 1572 3430; baseline 0.003 -30"><span class='ocrx_word' id='word_1_173' title='bbox 169 3319 317 3402; x_wconf 90' lang='lat' dir='ltr'>ducem</span> <span class='ocrx_word' id='word_1_174' title='bbox 359 3321 612 3406; x_wconf 86' lang='lat' dir='ltr'>constitues?</span> <span class='ocrx_word' id='word_1_175' title='bbox 653 3321 694 3404; x_wconf 89' lang='lat' dir='ltr'>Si</span> <span class='ocrx_word' id='word_1_176' title='bbox 735 3323 841 3404; x_wconf 89' lang='lat' dir='ltr'>inter</span> <span class='ocrx_word' id='word_1_177' title='bbox 885 3321 1092 3430; x_wconf 88' lang='lat' dir='ltr'>principes</span> <span class='ocrx_word' id='word_1_178' title='bbox 1135 3335 1227 3405; x_wconf 89' lang='lat' dir='ltr'>tuos</span> <span class='ocrx_word' id='word_1_179' title='bbox 1270 3323 1396 3430; x_wconf 86' lang='lat' dir='ltr'>eligis,</span> <span class='ocrx_word' id='word_1_180' title='bbox 1432 3322 1572 3406; x_wconf 93' lang='lat' dir='ltr'>nullus</span> 
     </span>
     <span class='ocr_line' id='line_1_24' title="bbox 169 3443 1571 3552; baseline 0.003 -30"><span class='ocrx_word' id='word_1_181' title='bbox 169 3457 364 3524; x_wconf 87' lang='lat' dir='ltr'>remanet.</span> <span class='ocrx_word' id='word_1_182' title='bbox 397 3443 609 3552; x_wconf 84' lang='lat' dir='ltr'>Numquid</span> <span class='ocrx_word' id='word_1_183' title='bbox 643 3471 718 3528; x_wconf 92' lang='lat' dir='ltr'>uos</span> <span class='ocrx_word' id='word_1_184' title='bbox 759 3444 886 3526; x_wconf 89' lang='lat' dir='ltr'>uultis</span> <span class='ocrx_word' id='word_1_185' title='bbox 929 3470 1053 3549; x_wconf 89' lang='lat' dir='ltr'>regno</span> <span class='ocrx_word' id='word_1_186' title='bbox 1085 3444 1227 3526; x_wconf 89' lang='lat' dir='ltr'>relicto</span> <span class='ocrx_word' id='word_1_187' title='bbox 1259 3445 1412 3528; x_wconf 91' lang='lat' dir='ltr'>habere</span> <span class='ocrx_word' id='word_1_188' title='bbox 1445 3445 1571 3528; x_wconf 85' lang='lat' dir='ltr'>duca·</span> 
     </span>
     <span class='ocr_line' id='line_1_25' title="bbox 169 3564 1571 3675; baseline 0.004 -31"><span class='ocrx_word' id='word_1_189' title='bbox 169 3567 284 3648; x_wconf 82' lang='lat' dir='ltr'>tum?</span> <span class='ocrx_word' id='word_1_190' title='bbox 316 3564 399 3648; x_wconf 90' lang='lat' dir='ltr'>Nos</span> <span class='ocrx_word' id='word_1_191' title='bbox 431 3567 607 3650; x_wconf 87' lang='lat' dir='ltr'>barones</span> <span class='ocrx_word' id='word_1_192' title='bbox 639 3579 817 3650; x_wconf 89' lang='lat' dir='ltr'>castrum</span> <span class='ocrx_word' id='word_1_193' title='bbox 852 3591 933 3647; x_wconf 91' lang='lat' dir='ltr'>non</span> <span class='ocrx_word' id='word_1_194' title='bbox 968 3565 1315 3674; x_wconf 79' lang='lat' dir='ltr'>obpugnabimus</span> <span class='ocrx_word' id='word_1_195' title='bbox 1348 3565 1391 3648; x_wconf 89' lang='lat' dir='ltr'>Si</span> <span class='ocrx_word' id='word_1_196' title='bbox 1412 3568 1571 3675; x_wconf 87' lang='lat' dir='ltr'>obpug-</span> 
     </span>
     <span class='ocr_line' id='line_1_26' title="bbox 169 3686 1572 3797; baseline 0.002 -31"><span class='ocrx_word' id='word_1_197' title='bbox 169 3713 264 3768; x_wconf 90' lang='lat' dir='ltr'>nare</span> <span class='ocrx_word' id='word_1_198' title='bbox 298 3686 374 3789; x_wconf 74' lang='lat' dir='ltr'>uiS,</span> <span class='ocrx_word' id='word_1_199' title='bbox 412 3687 524 3772; x_wconf 90' lang='lat' dir='ltr'>solus</span> <span class='ocrx_word' id='word_1_200' title='bbox 566 3716 717 3797; x_wconf 87' lang='lat' dir='ltr'>pugna.</span> <span class='ocrx_word' id='word_1_201' title='bbox 765 3687 848 3770; x_wconf 90' lang='lat' dir='ltr'>Nos</span> <span class='ocrx_word' id='word_1_202' title='bbox 880 3701 1020 3770; x_wconf 90' lang='lat' dir='ltr'>autem</span> <span class='ocrx_word' id='word_1_203' title='bbox 1055 3687 1095 3768; x_wconf 90' lang='lat' dir='ltr'>in</span> <span class='ocrx_word' id='word_1_204' title='bbox 1128 3687 1380 3795; x_wconf 88' lang='lat' dir='ltr'>Hungariam</span> <span class='ocrx_word' id='word_1_205' title='bbox 1414 3688 1572 3770; x_wconf 89' lang='lat' dir='ltr'>recedi·</span> 
     </span>
     <span class='ocr_line' id='line_1_27' title="bbox 171 3809 1651 3920; baseline 0.003 -32"><span class='ocrx_word' id='word_1_206' title='bbox 171 3837 272 3911; x_wconf 79' lang='lat' dir='ltr'>muS,</span> <span class='ocrx_word' id='word_1_207' title='bbox 306 3821 347 3890; x_wconf 90' lang='lat' dir='ltr'>et</span> <span class='ocrx_word' id='word_1_208' title='bbox 379 3809 498 3892; x_wconf 91' lang='lat' dir='ltr'>nobis</span> <span class='ocrx_word' id='word_1_209' title='bbox 531 3838 670 3917; x_wconf 88' lang='lat' dir='ltr'>regem</span> <span class='ocrx_word' id='word_1_210' title='bbox 704 3809 915 3916; x_wconf 89' lang='lat' dir='ltr'>eligemus.</span> <span class='ocrx_word' id='word_1_211' title='bbox 948 3809 1068 3890; x_wconf 90' lang='lat' dir='ltr'>Vnde</span> <span class='ocrx_word' id='word_1_212' title='bbox 1102 3837 1153 3891; x_wconf 85' lang='lat' dir='ltr'>ex</span> <span class='ocrx_word' id='word_1_213' title='bbox 1186 3824 1383 3920; x_wconf 90' lang='lat' dir='ltr'>precepto</span> <span class='ocrx_word' id='word_1_214' title='bbox 1421 3811 1573 3919; x_wconf 89' lang='lat' dir='ltr'>princi·</span> <span class='ocrx_word' id='word_1_215' title='bbox 1644 3867 1651 3882; x_wconf 82' lang='lat'>.</span> 
     </span>
     <span class='ocr_line' id='line_1_28' title="bbox 170 3932 1572 4041; baseline 0.001 -29"><span class='ocrx_word' id='word_1_216' title='bbox 170 3958 267 4037; x_wconf 91' lang='lat' dir='ltr'>pum</span> <span class='ocrx_word' id='word_1_217' title='bbox 299 3957 500 4039; x_wconf 90' lang='lat' dir='ltr'>precones</span> <span class='ocrx_word' id='word_1_218' title='bbox 532 3932 574 4013; x_wconf 91' lang='lat' dir='ltr'>in</span> <span class='ocrx_word' id='word_1_219' title='bbox 608 3932 749 4015; x_wconf 90' lang='lat' dir='ltr'>castris</span> <span class='ocrx_word' id='word_1_220' title='bbox 782 3932 1029 4034; x_wconf 72' lang='lat' dir='ltr'>clamabant</span> <span class='ocrx_word' id='word_1_221' title='bbox 1061 3944 1109 4013; x_wconf 92' lang='lat' dir='ltr'>ut</span> <span class='ocrx_word' id='word_1_222' title='bbox 1140 3933 1315 4039; x_wconf 86' lang='lat' dir='ltr'>hungari</span> <span class='ocrx_word' id='word_1_223' title='bbox 1356 3959 1483 4041; x_wconf 89' lang='lat' dir='ltr'>quam</span> <span class='ocrx_word' id='word_1_224' title='bbox 1515 3932 1572 4014; x_wconf 90' lang='lat' dir='ltr'>ci·</span> 
     </span>
     <span class='ocr_line' id='line_1_29' title="bbox 168 4053 1570 4162; baseline 0.003 -30"><span class='ocrx_word' id='word_1_225' title='bbox 168 4053 321 4136; x_wconf 89' lang='lat' dir='ltr'>tissime</span> <span class='ocrx_word' id='word_1_226' title='bbox 371 4053 409 4133; x_wconf 92' lang='lat' dir='ltr'>in</span> <span class='ocrx_word' id='word_1_227' title='bbox 469 4054 720 4160; x_wconf 84' lang='lat' dir='ltr'>Hungariarn</span> <span class='ocrx_word' id='word_1_228' title='bbox 774 4066 1090 4136; x_wconf 87' lang='lat' dir='ltr'>reuerterentur.</span> <span class='ocrx_word' id='word_1_229' title='bbox 1149 4054 1238 4136; x_wconf 84' lang='lat' dir='ltr'>Rex</span> <span class='ocrx_word' id='word_1_230' title='bbox 1286 4055 1426 4162; x_wconf 85' lang='lat' dir='ltr'>itaque</span> <span class='ocrx_word' id='word_1_231' title='bbox 1474 4083 1570 4138; x_wconf 92' lang='lat' dir='ltr'>cum</span> 
     </span>
     <span class='ocr_line' id='line_1_30' title="bbox 167 4175 1574 4279; baseline 0.002 -24"><span class='ocrx_word' id='word_1_232' title='bbox 167 4175 337 4258; x_wconf 86' lang='lat' dir='ltr'>uidisset</span> <span class='ocrx_word' id='word_1_233' title='bbox 368 4202 412 4257; x_wconf 93' lang='lat' dir='ltr'>se</span> <span class='ocrx_word' id='word_1_234' title='bbox 445 4202 613 4259; x_wconf 92' lang='lat' dir='ltr'>suorum</span> <span class='ocrx_word' id='word_1_235' title='bbox 658 4175 813 4257; x_wconf 86' lang='lat' dir='ltr'>auxilio</span> <span class='ocrx_word' id='word_1_236' title='bbox 857 4176 963 4258; x_wconf 90' lang='lat' dir='ltr'>iuste</span> <span class='ocrx_word' id='word_1_237' title='bbox 995 4176 1251 4279; x_wconf 86' lang='lat' dir='ltr'>destitutum,</span> <span class='ocrx_word' id='word_1_238' title='bbox 1285 4204 1478 4260; x_wconf 89' lang='lat' dir='ltr'>reuersus</span> <span class='ocrx_word' id='word_1_239' title='bbox 1511 4190 1574 4260; x_wconf 92' lang='lat' dir='ltr'>est</span> 
     </span>
     <span class='ocr_line' id='line_1_31' title="bbox 168 4295 1570 4406; baseline 0.004 -31"><span class='ocrx_word' id='word_1_240' title='bbox 168 4295 205 4376; x_wconf 95' lang='lat' dir='ltr'>in</span> <span class='ocrx_word' id='word_1_241' title='bbox 238 4297 365 4404; x_wconf 87' lang='lat'>(111)</span> <span class='ocrx_word' id='word_1_242' title='bbox 398 4295 666 4402; x_wconf 86' lang='lat' dir='ltr'>Hungariam.</span> <span class='ocrx_word' id='word_1_243' title='bbox 701 4297 796 4379; x_wconf 89' lang='lat' dir='ltr'>Post</span> <span class='ocrx_word' id='word_1_244' title='bbox 829 4297 906 4378; x_wconf 89' lang='lat' dir='ltr'>hoc</span> <span class='ocrx_word' id='word_1_245' title='bbox 938 4299 1057 4379; x_wconf 90' lang='lat' dir='ltr'>tertio</span> <span class='ocrx_word' id='word_1_246' title='bbox 1089 4325 1197 4380; x_wconf 90' lang='lat' dir='ltr'>anno</span> <span class='ocrx_word' id='word_1_247' title='bbox 1224 4298 1325 4381; x_wconf 89' lang='lat' dir='ltr'>fines</span> <span class='ocrx_word' id='word_1_248' title='bbox 1358 4299 1570 4406; x_wconf 89' lang='lat' dir='ltr'>polonicos</span> 
     </span>
     <span class='ocr_line' id='line_1_32' title="bbox 168 4417 1570 4524; baseline 0.004 -28"><span class='ocrx_word' id='word_1_249' title='bbox 168 4419 299 4500; x_wconf 87' lang='lat' dir='ltr'>missis</span> <span class='ocrx_word' id='word_1_250' title='bbox 332 4420 584 4501; x_wconf 81' lang='lat' dir='ltr'>exercitibus</span> <span class='ocrx_word' id='word_1_251' title='bbox 617 4418 861 4501; x_wconf 83' lang='lat' dir='ltr'>deuastauit.</span> <span class='ocrx_word' id='word_1_252' title='bbox 898 4417 1059 4501; x_wconf 89' lang='lat' dir='ltr'>Deinde</span> <span class='ocrx_word' id='word_1_253' title='bbox 1091 4421 1202 4503; x_wconf 89' lang='lat' dir='ltr'>misit</span> <span class='ocrx_word' id='word_1_254' title='bbox 1234 4421 1476 4524; x_wconf 83' lang='lat' dir='ltr'>exercitum,</span> <span class='ocrx_word' id='word_1_255' title='bbox 1503 4445 1570 4504; x_wconf 91' lang='lat' dir='ltr'>so·</span> 
     </span>
     <span class='ocr_line' id='line_1_33' title="bbox 167 4537 1573 4652; baseline 0.002 -32"><span class='ocrx_word' id='word_1_256' title='bbox 167 4539 377 4622; x_wconf 90' lang='lat' dir='ltr'>lunnnodo</span> <span class='ocrx_word' id='word_1_257' title='bbox 410 4541 595 4646; x_wconf 86' lang='lat' dir='ltr'>falangos</span> <span class='ocrx_word' id='word_1_258' title='bbox 607 4537 636 4649; x_wconf 86' lang='lat'>¹)</span> <span class='ocrx_word' id='word_1_259' title='bbox 670 4541 897 4622; x_wconf 86' lang='lat' dir='ltr'>aulicorum</span> <span class='ocrx_word' id='word_1_260' title='bbox 932 4565 1114 4646; x_wconf 89' lang='lat' dir='ltr'>suorum,</span> <span class='ocrx_word' id='word_1_261' title='bbox 1147 4555 1285 4652; x_wconf 90' lang='lat' dir='ltr'>partes</span> <span class='ocrx_word' id='word_1_262' title='bbox 1316 4543 1507 4650; x_wconf 89' lang='lat' dir='ltr'>Bulgarie</span> <span class='ocrx_word' id='word_1_263' title='bbox 1532 4554 1573 4624; x_wconf 91' lang='lat' dir='ltr'>et</span> 
     </span>
     <span class='ocr_line' id='line_1_34' title="bbox 168 4659 614 4746; baseline 0.013 -6"><span class='ocrx_word' id='word_1_264' title='bbox 168 4659 305 4744; x_wconf 90' lang='lat' dir='ltr'>Seruie</span> <span class='ocrx_word' id='word_1_265' title='bbox 338 4663 614 4746; x_wconf 86' lang='lat' dir='ltr'>deuastatum.</span> 
     </span>
    </p>
   </div>
   <div class='ocr_carea' id='block_1_3' title="bbox 275 4935 600 5034">
    <p class='ocr_par' dir='ltr' id='par_1_3' title="bbox 275 4935 600 5034">
     <span class='ocr_line' id='line_1_35' title="bbox 275 4935 600 5034; baseline 0 -22"><span class='ocrx_word' id='word_1_266' title='bbox 275 4935 301 5034; x_wconf 77' lang='grc' dir='ltr'>ι)</span> <span class='ocrx_word' id='word_1_267' title='bbox 329 4939 531 5034; x_wconf 81' lang='lat' dir='ltr'>phalanges.</span> <span class='ocrx_word' id='word_1_268' title='bbox 561 4939 600 5012; x_wconf 86' lang='lat' dir='ltr'>T.</span> 
     </span>
    </p>
   </div>
   <div class='ocr_carea' id='block_1_4' title="bbox 0 0 1957 5758">
    <p class='ocr_par' dir='ltr' id='par_1_4' title="bbox 0 0 1957 5758">
     <span class='ocr_line' id='line_1_36' title="bbox 0 0 1957 5758; baseline 0 0"><span class='ocrx_word' id='word_1_269' title='bbox 0 0 1957 5758; x_wconf 95' lang='lat' dir='ltr'> </span> 
     </span>
    </p>
   </div>
  </div>
 </body>
</html>
