<?xml version="1.0" encoding="UTF-8"?>
<!DOCTYPE html PUBLIC "-//W3C//DTD XHTML 1.0 Transitional//EN"
    "http://www.w3.org/TR/xhtml1/DTD/xhtml1-transitional.dtd">
<html xmlns="http://www.w3.org/1999/xhtml" xml:lang="en" lang="en">
 <head>
  <title>
</title>
<meta http-equiv="Content-Type" content="text/html;charset=utf-8" />
  <meta name='ocr-system' content='tesseract 3.04.00' />
  <meta name='ocr-capabilities' content='ocr_page ocr_carea ocr_par ocr_line ocrx_word'/>
</head>
<body>
  <div class='ocr_page' id='page_1' title='image "./chronicahungaro00florgoog_0198.png"; bbox 0 0 3896 5758; ppageno 0'>
   <div class='ocr_carea' id='block_1_1' title="bbox 808 549 963 653">
    <p class='ocr_par' dir='ltr' id='par_1_1' title="bbox 808 549 963 653">
     <span class='ocr_line' id='line_1_1' title="bbox 808 549 963 653; baseline 0 -35"><span class='ocrx_word' id='word_1_1' title='bbox 808 549 963 653; x_wconf 53' lang='lat' dir='ltr'>„Q</span> 
     </span>
    </p>
   </div>
   <div class='ocr_carea' id='block_1_2' title="bbox 173 764 1649 3202">
    <p class='ocr_par' dir='ltr' id='par_1_2' title="bbox 173 764 1649 3202">
     <span class='ocr_line' id='line_1_2' title="bbox 189 764 1589 880; baseline 0.006 -32"><span class='ocrx_word' id='word_1_2' title='bbox 189 779 295 850; x_wconf 88' lang='lat' dir='ltr'>esset</span> <span class='ocrx_word' id='word_1_3' title='bbox 327 767 506 874; x_wconf 87' lang='lat' dir='ltr'>grauiter</span> <span class='ocrx_word' id='word_1_4' title='bbox 536 764 791 870; x_wconf 87' lang='lat' dir='ltr'>uulneratus,</span> <span class='ocrx_word' id='word_1_5' title='bbox 824 781 964 852; x_wconf 88' lang='lat' dir='ltr'>tamen</span> <span class='ocrx_word' id='word_1_6' title='bbox 997 769 1113 854; x_wconf 89' lang='lat' dir='ltr'>illum</span> <span class='ocrx_word' id='word_1_7' title='bbox 1148 769 1359 854; x_wconf 77' lang='lat' dir='ltr'>celerrime</span> <span class='ocrx_word' id='word_1_8' title='bbox 1392 797 1589 880; x_wconf 89' lang='lat' dir='ltr'>persecu·</span> 
     </span>
     <span class='ocr_line' id='line_1_3' title="bbox 188 893 1649 1001; baseline 0.005 -29"><span class='ocrx_word' id='word_1_9' title='bbox 188 905 252 972; x_wconf 84' lang='lat' dir='ltr'>tus</span> <span class='ocrx_word' id='word_1_10' title='bbox 284 905 347 973; x_wconf 84' lang='lat' dir='ltr'>est</span> <span class='ocrx_word' id='word_1_11' title='bbox 378 918 504 1000; x_wconf 87' lang='lat' dir='ltr'>super</span> <span class='ocrx_word' id='word_1_12' title='bbox 536 919 691 1001; x_wconf 90' lang='lat' dir='ltr'>equum</span> <span class='ocrx_word' id='word_1_13' title='bbox 732 893 861 991; x_wconf 89' lang='lat' dir='ltr'>illum,</span> <span class='ocrx_word' id='word_1_14' title='bbox 896 921 1021 1000; x_wconf 89' lang='lat' dir='ltr'>quem</span> <span class='ocrx_word' id='word_1_15' title='bbox 1054 894 1140 999; x_wconf 87' lang='lat' dir='ltr'>Zug</span> <span class='ocrx_word' id='word_1_16' title='bbox 1182 895 1435 978; x_wconf 80' lang='lat' dir='ltr'>nominabat</span> <span class='ocrx_word' id='word_1_17' title='bbox 1480 894 1586 978; x_wconf 88' lang='lat' dir='ltr'>Cum</span> <span class='ocrx_word' id='word_1_18' title='bbox 1644 970 1649 979; x_wconf 95' lang='lat'>.</span> 
     </span>
     <span class='ocr_line' id='line_1_4' title="bbox 187 1015 1587 1125; baseline 0.005 -32"><span class='ocrx_word' id='word_1_19' title='bbox 187 1025 325 1094; x_wconf 88' lang='lat' dir='ltr'>autem</span> <span class='ocrx_word' id='word_1_20' title='bbox 359 1015 575 1120; x_wconf 88' lang='lat' dir='ltr'>attingeret</span> <span class='ocrx_word' id='word_1_21' title='bbox 611 1029 653 1096; x_wconf 89' lang='lat' dir='ltr'>ut</span> <span class='ocrx_word' id='word_1_22' title='bbox 689 1043 784 1096; x_wconf 90' lang='lat' dir='ltr'>enm</span> <span class='ocrx_word' id='word_1_23' title='bbox 819 1017 1036 1113; x_wconf 87' lang='lat' dir='ltr'>lancearet,</span> <span class='ocrx_word' id='word_1_24' title='bbox 1071 1017 1240 1098; x_wconf 90' lang='lat' dir='ltr'>minime</span> <span class='ocrx_word' id='word_1_25' title='bbox 1284 1029 1455 1124; x_wconf 91' lang='lat' dir='ltr'>poterat,</span> <span class='ocrx_word' id='word_1_26' title='bbox 1490 1018 1587 1125; x_wconf 84' lang='lat' dir='ltr'>qnia</span> 
     </span>
     <span class='ocr_line' id='line_1_5' title="bbox 186 1131 1586 1248; baseline 0.005 -34"><span class='ocrx_word' id='word_1_27' title='bbox 186 1163 261 1216; x_wconf 87' lang='lat' dir='ltr'>uec</span> <span class='ocrx_word' id='word_1_28' title='bbox 298 1131 395 1243; x_wconf 86' lang='lat'>—¹)</span> <span class='ocrx_word' id='word_1_29' title='bbox 429 1139 517 1220; x_wconf 91' lang='lat' dir='ltr'>eius</span> <span class='ocrx_word' id='word_1_30' title='bbox 550 1138 723 1219; x_wconf 85' lang='lat' dir='ltr'>celerius</span> <span class='ocrx_word' id='word_1_31' title='bbox 757 1139 958 1241; x_wconf 87' lang='lat' dir='ltr'>currebat,</span> <span class='ocrx_word' id='word_1_32' title='bbox 992 1167 1069 1218; x_wconf 89' lang='lat' dir='ltr'>noc</span> <span class='ocrx_word' id='word_1_33' title='bbox 1107 1167 1240 1246; x_wconf 78' lang='lat' dir='ltr'>equus</span> <span class='ocrx_word' id='word_1_34' title='bbox 1272 1133 1480 1248; x_wconf 78' lang='lat' dir='ltr'>il(74)lius</span> <span class='ocrx_word' id='word_1_35' title='bbox 1513 1142 1586 1222; x_wconf 91' lang='lat' dir='ltr'>ali·</span> 
     </span>
     <span class='ocr_line' id='line_1_6' title="bbox 186 1259 1587 1368; baseline 0.004 -29"><span class='ocrx_word' id='word_1_36' title='bbox 186 1259 434 1364; x_wconf 86' lang='lat' dir='ltr'>quantulum</span> <span class='ocrx_word' id='word_1_37' title='bbox 469 1262 721 1362; x_wconf 82' lang='lat' dir='ltr'>remanebat,</span> <span class='ocrx_word' id='word_1_38' title='bbox 756 1261 827 1342; x_wconf 87' lang='lat' dir='ltr'>sed</span> <span class='ocrx_word' id='word_1_39' title='bbox 872 1263 987 1368; x_wconf 83' lang='lat' dir='ltr'>quasi</span> <span class='ocrx_word' id='word_1_40' title='bbox 1030 1261 1245 1344; x_wconf 85' lang='lat' dir='ltr'>braelrium</span> <span class='ocrx_word' id='word_1_41' title='bbox 1289 1261 1467 1344; x_wconf 88' lang='lat' dir='ltr'>bominis</span> <span class='ocrx_word' id='word_1_42' title='bbox 1501 1277 1587 1344; x_wconf 91' lang='lat' dir='ltr'>erat</span> 
     </span>
     <span class='ocr_line' id='line_1_7' title="bbox 185 1381 1586 1490; baseline 0.006 -30"><span class='ocrx_word' id='word_1_43' title='bbox 185 1381 292 1461; x_wconf 91' lang='lat' dir='ltr'>inter</span> <span class='ocrx_word' id='word_1_44' title='bbox 323 1381 509 1463; x_wconf 82' lang='lat' dir='ltr'>lanceam</span> <span class='ocrx_word' id='word_1_45' title='bbox 545 1396 585 1464; x_wconf 87' lang='lat' dir='ltr'>et</span> <span class='ocrx_word' id='word_1_46' title='bbox 616 1383 782 1465; x_wconf 90' lang='lat' dir='ltr'>dorsum</span> <span class='ocrx_word' id='word_1_47' title='bbox 829 1383 946 1465; x_wconf 78' lang='lat' dir='ltr'>(unt.</span> <span class='ocrx_word' id='word_1_48' title='bbox 990 1383 1196 1465; x_wconf 85' lang='lat' dir='ltr'>Clamauit</span> <span class='ocrx_word' id='word_1_49' title='bbox 1238 1385 1377 1490; x_wconf 88' lang='lat' dir='ltr'>itaque</span> <span class='ocrx_word' id='word_1_50' title='bbox 1418 1399 1586 1468; x_wconf 87' lang='lat' dir='ltr'>sanetus</span> 
     </span>
     <span class='ocr_line' id='line_1_8' title="bbox 182 1502 1585 1615; baseline 0.005 -33"><span class='ocrx_word' id='word_1_51' title='bbox 182 1502 271 1584; x_wconf 82' lang='lat' dir='ltr'>dux</span> <span class='ocrx_word' id='word_1_52' title='bbox 306 1503 520 1586; x_wconf 84' lang='lat' dir='ltr'>ladizlaus</span> <span class='ocrx_word' id='word_1_53' title='bbox 553 1505 602 1586; x_wconf 92' lang='lat' dir='ltr'>ad</span> <span class='ocrx_word' id='word_1_54' title='bbox 641 1505 817 1613; x_wconf 82' lang='lat' dir='ltr'>puellam</span> <span class='ocrx_word' id='word_1_55' title='bbox 854 1519 894 1586; x_wconf 87' lang='lat' dir='ltr'>et</span> <span class='ocrx_word' id='word_1_56' title='bbox 926 1507 1051 1586; x_wconf 83' lang='lat' dir='ltr'>dixit:</span> <span class='ocrx_word' id='word_1_57' title='bbox 1085 1505 1206 1588; x_wconf 82' lang='lat' dir='ltr'>Soror</span> <span class='ocrx_word' id='word_1_58' title='bbox 1238 1507 1425 1612; x_wconf 88' lang='lat' dir='ltr'>speciosa</span> <span class='ocrx_word' id='word_1_59' title='bbox 1442 1509 1585 1615; x_wconf 90' lang='lat' dir='ltr'>accipe</span> 
     </span>
     <span class='ocr_line' id='line_1_9' title="bbox 183 1623 1585 1732; baseline 0.004 -26"><span class='ocrx_word' id='word_1_60' title='bbox 183 1623 350 1707; x_wconf 82' lang='lat' dir='ltr'>Currum</span> <span class='ocrx_word' id='word_1_61' title='bbox 386 1627 424 1707; x_wconf 93' lang='lat' dir='ltr'>in</span> <span class='ocrx_word' id='word_1_62' title='bbox 459 1628 635 1732; x_wconf 83' lang='lat' dir='ltr'>cingulo,</span> <span class='ocrx_word' id='word_1_63' title='bbox 670 1640 710 1708; x_wconf 89' lang='lat' dir='ltr'>et</span> <span class='ocrx_word' id='word_1_64' title='bbox 743 1629 848 1708; x_wconf 87' lang='lat' dir='ltr'>iaeta</span> <span class='ocrx_word' id='word_1_65' title='bbox 882 1643 920 1708; x_wconf 91' lang='lat' dir='ltr'>tc</span> <span class='ocrx_word' id='word_1_66' title='bbox 955 1629 993 1708; x_wconf 94' lang='lat' dir='ltr'>in</span> <span class='ocrx_word' id='word_1_67' title='bbox 1028 1642 1189 1709; x_wconf 87' lang='lat' dir='ltr'>terram.</span> <span class='ocrx_word' id='word_1_68' title='bbox 1234 1627 1353 1724; x_wconf 78' lang='lat' dir='ltr'>Quod</span> <span class='ocrx_word' id='word_1_69' title='bbox 1395 1642 1436 1710; x_wconf 89' lang='lat' dir='ltr'>et</span> <span class='ocrx_word' id='word_1_70' title='bbox 1476 1630 1585 1711; x_wconf 86' lang='lat' dir='ltr'>feeit.</span> 
     </span>
     <span class='ocr_line' id='line_1_10' title="bbox 182 1745 1586 1857; baseline 0.005 -30"><span class='ocrx_word' id='word_1_71' title='bbox 182 1745 378 1854; x_wconf 83' lang='lat' dir='ltr'>Cumque</span> <span class='ocrx_word' id='word_1_72' title='bbox 411 1750 557 1832; x_wconf 87' lang='lat' dir='ltr'>beatus</span> <span class='ocrx_word' id='word_1_73' title='bbox 590 1750 803 1832; x_wconf 79' lang='lat' dir='ltr'>ladizlaus</span> <span class='ocrx_word' id='word_1_74' title='bbox 837 1751 921 1831; x_wconf 85' lang='lat' dir='ltr'>dux</span> <span class='ocrx_word' id='word_1_75' title='bbox 959 1752 1099 1857; x_wconf 83' lang='lat' dir='ltr'>procul</span> <span class='ocrx_word' id='word_1_76' title='bbox 1134 1751 1249 1833; x_wconf 91' lang='lat' dir='ltr'>illum</span> <span class='ocrx_word' id='word_1_77' title='bbox 1283 1751 1513 1834; x_wconf 87' lang='lat' dir='ltr'>lanceasset</span> <span class='ocrx_word' id='word_1_78' title='bbox 1544 1751 1586 1834; x_wconf 91' lang='lat' dir='ltr'>in</span> 
     </span>
     <span class='ocr_line' id='line_1_11' title="bbox 179 1871 1587 1980; baseline 0.004 -31"><span class='ocrx_word' id='word_1_79' title='bbox 179 1883 290 1950; x_wconf 87' lang='lat' dir='ltr'>terra</span> <span class='ocrx_word' id='word_1_80' title='bbox 322 1871 538 1972; x_wconf 84' lang='lat' dir='ltr'>iacentem,</span> <span class='ocrx_word' id='word_1_81' title='bbox 572 1873 704 1953; x_wconf 77' lang='lat' dir='ltr'>utrluit</span> <span class='ocrx_word' id='word_1_82' title='bbox 736 1901 829 1954; x_wconf 83' lang='lat' dir='ltr'>cunr</span> <span class='ocrx_word' id='word_1_83' title='bbox 866 1873 1105 1953; x_wconf 87' lang='lat' dir='ltr'>interficere.</span> <span class='ocrx_word' id='word_1_84' title='bbox 1124 1872 1256 1968; x_wconf 79' lang='lat' dir='ltr'>Quem</span> <span class='ocrx_word' id='word_1_85' title='bbox 1292 1873 1431 1980; x_wconf 88' lang='lat' dir='ltr'>puella</span> <span class='ocrx_word' id='word_1_86' title='bbox 1463 1873 1587 1955; x_wconf 88' lang='lat' dir='ltr'>ualde</span> 
     </span>
     <span class='ocr_line' id='line_1_12' title="bbox 179 1994 1583 2098; baseline 0.003 -25"><span class='ocrx_word' id='word_1_87' title='bbox 179 1994 344 2098; x_wconf 89' lang='lat' dir='ltr'>rogauit</span> <span class='ocrx_word' id='word_1_88' title='bbox 391 2023 444 2074; x_wconf 91' lang='lat' dir='ltr'>ne</span> <span class='ocrx_word' id='word_1_89' title='bbox 494 2022 590 2075; x_wconf 91' lang='lat' dir='ltr'>eum</span> <span class='ocrx_word' id='word_1_90' title='bbox 649 1995 915 2098; x_wconf 86' lang='lat' dir='ltr'>interficeret,</span> <span class='ocrx_word' id='word_1_91' title='bbox 965 1996 1037 2075; x_wconf 89' lang='lat' dir='ltr'>sed</span> <span class='ocrx_word' id='word_1_92' title='bbox 1084 2009 1131 2075; x_wconf 88' lang='lat' dir='ltr'>ut</span> <span class='ocrx_word' id='word_1_93' title='bbox 1182 1995 1415 2076; x_wconf 88' lang='lat' dir='ltr'>dimitteret.</span> <span class='ocrx_word' id='word_1_94' title='bbox 1464 1994 1583 2078; x_wconf 88' lang='lat' dir='ltr'>Vnde</span> 
     </span>
     <span class='ocr_line' id='line_1_13' title="bbox 179 2115 1587 2225; baseline 0.004 -31"><span class='ocrx_word' id='word_1_95' title='bbox 179 2115 225 2194; x_wconf 92' lang='lat' dir='ltr'>in</span> <span class='ocrx_word' id='word_1_96' title='bbox 258 2115 335 2196; x_wconf 90' lang='lat' dir='ltr'>boc</span> <span class='ocrx_word' id='word_1_97' title='bbox 375 2129 551 2217; x_wconf 87' lang='lat' dir='ltr'>notatur,</span> <span class='ocrx_word' id='word_1_98' title='bbox 594 2117 704 2223; x_wconf 90' lang='lat' dir='ltr'>qnod</span> <span class='ocrx_word' id='word_1_99' title='bbox 745 2117 847 2200; x_wconf 88' lang='lat' dir='ltr'>fides</span> <span class='ocrx_word' id='word_1_100' title='bbox 888 2118 926 2198; x_wconf 93' lang='lat' dir='ltr'>in</span> <span class='ocrx_word' id='word_1_101' title='bbox 971 2117 1213 2198; x_wconf 89' lang='lat' dir='ltr'>mulieribus</span> <span class='ocrx_word' id='word_1_102' title='bbox 1257 2143 1339 2197; x_wconf 92' lang='lat' dir='ltr'>non</span> <span class='ocrx_word' id='word_1_103' title='bbox 1382 2118 1445 2215; x_wconf 90' lang='lat' dir='ltr'>sit,</span> <span class='ocrx_word' id='word_1_104' title='bbox 1489 2117 1587 2225; x_wconf 87' lang='lat' dir='ltr'>quia</span> 
     </span>
     <span class='ocr_line' id='line_1_14' title="bbox 175 2237 1584 2346; baseline 0.002 -28"><span class='ocrx_word' id='word_1_105' title='bbox 175 2238 285 2319; x_wconf 89' lang='lat' dir='ltr'>forte</span> <span class='ocrx_word' id='word_1_106' title='bbox 318 2264 457 2320; x_wconf 85' lang='lat' dir='ltr'>amore</span> <span class='ocrx_word' id='word_1_107' title='bbox 499 2239 629 2346; x_wconf 82' lang='lat' dir='ltr'>stupri</span> <span class='ocrx_word' id='word_1_108' title='bbox 677 2238 791 2320; x_wconf 92' lang='lat' dir='ltr'>illum</span> <span class='ocrx_word' id='word_1_109' title='bbox 825 2239 999 2321; x_wconf 88' lang='lat' dir='ltr'>liberare</span> <span class='ocrx_word' id='word_1_110' title='bbox 1044 2237 1186 2321; x_wconf 90' lang='lat' dir='ltr'>uoluit.</span> <span class='ocrx_word' id='word_1_111' title='bbox 1235 2237 1410 2322; x_wconf 86' lang='lat' dir='ltr'>Sanetus</span> <span class='ocrx_word' id='word_1_112' title='bbox 1443 2253 1584 2322; x_wconf 91' lang='lat' dir='ltr'>autem</span> 
     </span>
     <span class='ocr_line' id='line_1_15' title="bbox 175 2359 1584 2444; baseline 0.004 -6"><span class='ocrx_word' id='word_1_113' title='bbox 175 2359 271 2441; x_wconf 85' lang='lat' dir='ltr'>‹lnx</span> <span class='ocrx_word' id='word_1_114' title='bbox 305 2360 376 2442; x_wconf 89' lang='lat' dir='ltr'>diu</span> <span class='ocrx_word' id='word_1_115' title='bbox 409 2389 504 2442; x_wconf 89' lang='lat' dir='ltr'>enm</span> <span class='ocrx_word' id='word_1_116' title='bbox 539 2388 587 2442; x_wconf 91' lang='lat' dir='ltr'>eo</span> <span class='ocrx_word' id='word_1_117' title='bbox 622 2361 815 2442; x_wconf 86' lang='lat' dir='ltr'>luctando</span> <span class='ocrx_word' id='word_1_118' title='bbox 835 2376 874 2442; x_wconf 91' lang='lat' dir='ltr'>et</span> <span class='ocrx_word' id='word_1_119' title='bbox 892 2362 1052 2444; x_wconf 88' lang='lat' dir='ltr'>absciso</span> <span class='ocrx_word' id='word_1_120' title='bbox 1070 2387 1199 2444; x_wconf 90' lang='lat' dir='ltr'>neruo</span> <span class='ocrx_word' id='word_1_121' title='bbox 1218 2361 1333 2443; x_wconf 89' lang='lat' dir='ltr'>illum</span> <span class='ocrx_word' id='word_1_122' title='bbox 1368 2362 1584 2444; x_wconf 70' lang='lat' dir='ltr'>interiecit.</span> 
     </span>
     <span class='ocr_line' id='line_1_16' title="bbox 175 2480 1585 2591; baseline 0.004 -30"><span class='ocrx_word' id='word_1_123' title='bbox 175 2480 262 2562; x_wconf 85' lang='lat' dir='ltr'>Sed</span> <span class='ocrx_word' id='word_1_124' title='bbox 296 2481 366 2563; x_wconf 91' lang='lat' dir='ltr'>illa</span> <span class='ocrx_word' id='word_1_125' title='bbox 397 2483 481 2564; x_wconf 88' lang='lat' dir='ltr'>filia</span> <span class='ocrx_word' id='word_1_126' title='bbox 514 2485 697 2591; x_wconf 88' lang='lat' dir='ltr'>episcopi</span> <span class='ocrx_word' id='word_1_127' title='bbox 729 2511 811 2564; x_wconf 92' lang='lat' dir='ltr'>nou</span> <span class='ocrx_word' id='word_1_128' title='bbox 844 2485 933 2564; x_wconf 86' lang='lat' dir='ltr'>fuit.</span> <span class='ocrx_word' id='word_1_129' title='bbox 968 2483 1055 2564; x_wconf 85' lang='lat' dir='ltr'>llex</span> <span class='ocrx_word' id='word_1_130' title='bbox 1090 2484 1212 2588; x_wconf 90' lang='lat' dir='ltr'>igitur</span> <span class='ocrx_word' id='word_1_131' title='bbox 1243 2497 1284 2564; x_wconf 89' lang='lat' dir='ltr'>et</span> <span class='ocrx_word' id='word_1_132' title='bbox 1315 2483 1479 2588; x_wconf 81' lang='lat' dir='ltr'>gloriosi</span> <span class='ocrx_word' id='word_1_133' title='bbox 1508 2483 1585 2566; x_wconf 89' lang='lat' dir='ltr'>dn·</span> 
     </span>
     <span class='ocr_line' id='line_1_17' title="bbox 174 2605 1585 2712; baseline 0.002 -27"><span class='ocrx_word' id='word_1_134' title='bbox 174 2605 369 2686; x_wconf 85' lang='lat' dir='ltr'>cessere</span> <span class='ocrx_word' id='word_1_135' title='bbox 402 2606 596 2688; x_wconf 90' lang='lat' dir='ltr'>omnibus</span> <span class='ocrx_word' id='word_1_136' title='bbox 630 2606 799 2712; x_wconf 85' lang='lat' dir='ltr'>paganis</span> <span class='ocrx_word' id='word_1_137' title='bbox 832 2607 1067 2708; x_wconf 78' lang='lat' dir='ltr'>interfectis,</span> <span class='ocrx_word' id='word_1_138' title='bbox 1102 2618 1143 2686; x_wconf 88' lang='lat' dir='ltr'>et</span> <span class='ocrx_word' id='word_1_139' title='bbox 1174 2606 1368 2688; x_wconf 90' lang='lat' dir='ltr'>omnibus</span> <span class='ocrx_word' id='word_1_140' title='bbox 1401 2605 1585 2688; x_wconf 87' lang='lat' dir='ltr'>christia·</span> 
     </span>
     <span class='ocr_line' id='line_1_18' title="bbox 173 2726 1585 2835; baseline 0.004 -29"><span class='ocrx_word' id='word_1_141' title='bbox 173 2726 245 2808; x_wconf 86' lang='lat' dir='ltr'>nis</span> <span class='ocrx_word' id='word_1_142' title='bbox 278 2753 302 2808; x_wconf 87' lang='lat' dir='ltr'>a</span> <span class='ocrx_word' id='word_1_143' title='bbox 335 2727 573 2835; x_wconf 83' lang='lat' dir='ltr'>eaptiuitatc</span> <span class='ocrx_word' id='word_1_144' title='bbox 608 2728 801 2830; x_wconf 87' lang='lat' dir='ltr'>liberatis,</span> <span class='ocrx_word' id='word_1_145' title='bbox 835 2756 919 2809; x_wconf 93' lang='lat' dir='ltr'>una</span> <span class='ocrx_word' id='word_1_146' title='bbox 962 2757 1057 2835; x_wconf 89' lang='lat' dir='ltr'>emn</span> <span class='ocrx_word' id='word_1_147' title='bbox 1101 2728 1210 2808; x_wconf 84' lang='lat' dir='ltr'>felici</span> <span class='ocrx_word' id='word_1_148' title='bbox 1254 2729 1418 2810; x_wconf 87' lang='lat' dir='ltr'>embola</span> <span class='ocrx_word' id='word_1_149' title='bbox 1459 2727 1585 2812; x_wconf 92' lang='lat' dir='ltr'>totius</span> 
     </span>
     <span class='ocr_line' id='line_1_19' title="bbox 173 2847 1587 2957; baseline 0.001 -27"><span class='ocrx_word' id='word_1_150' title='bbox 173 2847 392 2954; x_wconf 87' lang='lat' dir='ltr'>Hungarie</span> <span class='ocrx_word' id='word_1_151' title='bbox 426 2877 521 2931; x_wconf 87' lang='lat' dir='ltr'>cum</span> <span class='ocrx_word' id='word_1_152' title='bbox 555 2851 764 2957; x_wconf 89' lang='lat' dir='ltr'>triumpho</span> <span class='ocrx_word' id='word_1_153' title='bbox 782 2851 952 2931; x_wconf 83' lang='lat' dir='ltr'>uictorie</span> <span class='ocrx_word' id='word_1_154' title='bbox 970 2851 1198 2955; x_wconf 78' lang='lat' dir='ltr'>gaudentes</span> <span class='ocrx_word' id='word_1_155' title='bbox 1216 2850 1437 2933; x_wconf 86' lang='lat' dir='ltr'>redierunt.</span> <span class='ocrx_word' id='word_1_156' title='bbox 1460 2851 1587 2932; x_wconf 81' lang='lat' dir='ltr'>Facta</span> 
     </span>
     <span class='ocr_line' id='line_1_20' title="bbox 174 2971 1586 3080; baseline 0.001 -28"><span class='ocrx_word' id='word_1_157' title='bbox 174 2985 245 3052; x_wconf 89' lang='lat' dir='ltr'>est</span> <span class='ocrx_word' id='word_1_158' title='bbox 278 2972 399 3076; x_wconf 89' lang='lat' dir='ltr'>igitur</span> <span class='ocrx_word' id='word_1_159' title='bbox 429 2971 564 3053; x_wconf 87' lang='lat' dir='ltr'>leticia</span> <span class='ocrx_word' id='word_1_160' title='bbox 600 2999 746 3076; x_wconf 89' lang='lat' dir='ltr'>magna</span> <span class='ocrx_word' id='word_1_161' title='bbox 780 2973 820 3053; x_wconf 96' lang='lat' dir='ltr'>in</span> <span class='ocrx_word' id='word_1_162' title='bbox 854 2985 940 3053; x_wconf 80' lang='lat' dir='ltr'>tota-</span> <span class='ocrx_word' id='word_1_163' title='bbox 971 2971 1193 3076; x_wconf 86' lang='lat' dir='ltr'>Hungaria,</span> <span class='ocrx_word' id='word_1_164' title='bbox 1228 2985 1269 3053; x_wconf 92' lang='lat' dir='ltr'>et</span> <span class='ocrx_word' id='word_1_165' title='bbox 1302 2972 1341 3053; x_wconf 92' lang='lat' dir='ltr'>in</span> <span class='ocrx_word' id='word_1_166' title='bbox 1375 2973 1511 3080; x_wconf 85' lang='lat' dir='ltr'>ymnis</span> <span class='ocrx_word' id='word_1_167' title='bbox 1544 2987 1586 3054; x_wconf 87' lang='lat' dir='ltr'>et</span> 
     </span>
     <span class='ocr_line' id='line_1_21' title="bbox 174 3092 1583 3202; baseline 0.001 -28"><span class='ocrx_word' id='word_1_168' title='bbox 174 3094 511 3176; x_wconf 72' lang='lat' dir='ltr'>confessionibus</span> <span class='ocrx_word' id='word_1_169' title='bbox 544 3095 847 3176; x_wconf 77' lang='lat' dir='ltr'>benedicebant</span> <span class='ocrx_word' id='word_1_170' title='bbox 865 3095 1002 3196; x_wconf 88' lang='lat' dir='ltr'>deum,</span> <span class='ocrx_word' id='word_1_171' title='bbox 1022 3095 1091 3202; x_wconf 85' lang='lat' dir='ltr'>qui</span> <span class='ocrx_word' id='word_1_172' title='bbox 1118 3092 1231 3175; x_wconf 89' lang='lat' dir='ltr'>dedit</span> <span class='ocrx_word' id='word_1_173' title='bbox 1264 3095 1321 3176; x_wconf 85' lang='lat' dir='ltr'>eis</span> <span class='ocrx_word' id='word_1_174' title='bbox 1355 3093 1583 3175; x_wconf 89' lang='lat' dir='ltr'>uictoriam.</span> 
     </span>
    </p>
   </div>
   <div class='ocr_carea' id='block_1_3' title="bbox 283 3313 1489 3420">
    <p class='ocr_par' dir='ltr' id='par_1_3' title="bbox 283 3313 1489 3420">
     <span class='ocr_line' id='line_1_22' title="bbox 283 3313 1489 3420; baseline -0.005 -20"><span class='ocrx_word' id='word_1_175' title='bbox 283 3320 385 3402; x_wconf 84' lang='lat' dir='ltr'><strong>LVI.</strong></span> <span class='ocrx_word' id='word_1_176' title='bbox 418 3317 487 3397; x_wconf 81' lang='lat' dir='ltr'>De</span> <span class='ocrx_word' id='word_1_177' title='bbox 520 3317 724 3398; x_wconf 76' lang='lat' dir='ltr'>aduentu</span> <span class='ocrx_word' id='word_1_178' title='bbox 751 3317 1048 3398; x_wconf 77' lang='lat' dir='ltr'>Bissenorum</span> <span class='ocrx_word' id='word_1_179' title='bbox 1075 3317 1122 3396; x_wconf 84' lang='lat' dir='ltr'>in</span> <span class='ocrx_word' id='word_1_180' title='bbox 1147 3313 1489 3420; x_wconf 73' lang='lat' dir='ltr'>Eungariam.*)</span> 
     </span>
    </p>
   </div>
   <div class='ocr_carea' id='block_1_4' title="bbox 170 3508 1583 4839">
    <p class='ocr_par' dir='ltr' id='par_1_4' title="bbox 170 3508 1583 4839">
     <span class='ocr_line' id='line_1_23' title="bbox 339 3508 1582 3619; baseline 0 -26"><span class='ocrx_word' id='word_1_181' title='bbox 339 3513 509 3594; x_wconf 80' lang='lat' dir='ltr'>Factum</span> <span class='ocrx_word' id='word_1_182' title='bbox 544 3527 606 3595; x_wconf 88' lang='lat' dir='ltr'>est</span> <span class='ocrx_word' id='word_1_183' title='bbox 638 3528 777 3596; x_wconf 88' lang='lat' dir='ltr'>autern</span> <span class='ocrx_word' id='word_1_184' title='bbox 811 3515 928 3594; x_wconf 90' lang='lat' dir='ltr'>tertio</span> <span class='ocrx_word' id='word_1_185' title='bbox 961 3540 1070 3593; x_wconf 91' lang='lat' dir='ltr'>anno</span> <span class='ocrx_word' id='word_1_186' title='bbox 1104 3525 1197 3619; x_wconf 90' lang='lat' dir='ltr'>post</span> <span class='ocrx_word' id='word_1_187' title='bbox 1237 3511 1465 3592; x_wconf 88' lang='lat' dir='ltr'>aduentum</span> <span class='ocrx_word' id='word_1_188' title='bbox 1501 3508 1582 3593; x_wconf 88' lang='lat' dir='ltr'>Cu·</span> 
     </span>
     <span class='ocr_line' id='line_1_24' title="bbox 172 3635 1583 3743; baseline -0.001 -29"><span class='ocrx_word' id='word_1_189' title='bbox 172 3659 342 3736; x_wconf 89' lang='lat' dir='ltr'>uorum,</span> <span class='ocrx_word' id='word_1_190' title='bbox 376 3635 534 3717; x_wconf 86' lang='lat' dir='ltr'>Bisseni</span> <span class='ocrx_word' id='word_1_191' title='bbox 569 3636 808 3743; x_wconf 58' lang='lat' dir='ltr'>pertubant</span> <span class='ocrx_word' id='word_1_192' title='bbox 844 3635 1070 3739; x_wconf 89' lang='lat' dir='ltr'>bulgariam</span> <span class='ocrx_word' id='word_1_193' title='bbox 1103 3635 1320 3716; x_wconf 88' lang='lat' dir='ltr'>uenientes</span> <span class='ocrx_word' id='word_1_194' title='bbox 1353 3645 1583 3714; x_wconf 85' lang='lat' dir='ltr'>transnata-</span> 
     </span>
     <span class='ocr_line' id='line_1_25' title="bbox 172 3754 1581 3864; baseline -0.001 -26"><span class='ocrx_word' id='word_1_195' title='bbox 172 3769 334 3838; x_wconf 87' lang='lat' dir='ltr'>nerunt</span> <span class='ocrx_word' id='word_1_196' title='bbox 365 3756 520 3838; x_wconf 88' lang='lat' dir='ltr'>flumen</span> <span class='ocrx_word' id='word_1_197' title='bbox 554 3759 662 3840; x_wconf 75' lang='lat' dir='ltr'>&#39;hana</span> <span class='ocrx_word' id='word_1_198' title='bbox 697 3759 737 3839; x_wconf 94' lang='lat' dir='ltr'>in</span> <span class='ocrx_word' id='word_1_199' title='bbox 772 3785 966 3864; x_wconf 88' lang='lat' dir='ltr'>campum</span> <span class='ocrx_word' id='word_1_200' title='bbox 1001 3757 1228 3856; x_wconf 68' lang='lat' dir='ltr'>tinxisset</span> <span class='ocrx_word' id='word_1_201' title='bbox 1259 3781 1341 3836; x_wconf 94' lang='lat' dir='ltr'>non</span> <span class='ocrx_word' id='word_1_202' title='bbox 1377 3754 1581 3836; x_wconf 82' lang='lat' dir='ltr'>modicam</span> 
     </span>
     <span class='ocr_line' id='line_1_26' title="bbox 172 3877 1583 3987; baseline 0 -29"><span class='ocrx_word' id='word_1_203' title='bbox 172 3887 345 3985; x_wconf 83' lang='lat' dir='ltr'>gentem</span> <span class='ocrx_word' id='word_1_204' title='bbox 382 3880 640 3986; x_wconf 84' lang='lat' dir='ltr'>captiuorum</span> <span class='ocrx_word' id='word_1_205' title='bbox 676 3895 716 3960; x_wconf 89' lang='lat' dir='ltr'>et</span> <span class='ocrx_word' id='word_1_206' title='bbox 749 3881 965 3987; x_wconf 89' lang='lat' dir='ltr'>predarmn</span> <span class='ocrx_word' id='word_1_207' title='bbox 1001 3879 1252 3985; x_wconf 87' lang='lat' dir='ltr'>diripientes,</span> <span class='ocrx_word' id='word_1_208' title='bbox 1281 3877 1467 3958; x_wconf 88' lang='lat' dir='ltr'>insuam</span> <span class='ocrx_word' id='word_1_209' title='bbox 1503 3889 1583 3958; x_wconf 90' lang='lat' dir='ltr'>ter·</span> 
     </span>
     <span class='ocr_line' id='line_1_27' title="bbox 173 3999 1582 4108; baseline 0 -26"><span class='ocrx_word' id='word_1_210' title='bbox 173 4027 268 4082; x_wconf 87' lang='lat' dir='ltr'>ram</span> <span class='ocrx_word' id='word_1_211' title='bbox 301 4001 580 4084; x_wconf 83' lang='lat' dir='ltr'>abduxerunt.</span> <span class='ocrx_word' id='word_1_212' title='bbox 614 4001 702 4082; x_wconf 81' lang='lat' dir='ltr'>llex</span> <span class='ocrx_word' id='word_1_213' title='bbox 736 4016 873 4083; x_wconf 87' lang='lat' dir='ltr'>autern</span> <span class='ocrx_word' id='word_1_214' title='bbox 910 4015 950 4081; x_wconf 85' lang='lat' dir='ltr'>et</span> <span class='ocrx_word' id='word_1_215' title='bbox 982 4001 1067 4081; x_wconf 86' lang='lat' dir='ltr'>dux</span> <span class='ocrx_word' id='word_1_216' title='bbox 1104 4000 1390 4108; x_wconf 90' lang='lat' dir='ltr'>imposuerunt</span> <span class='ocrx_word' id='word_1_217' title='bbox 1427 3999 1582 4082; x_wconf 87' lang='lat' dir='ltr'>crimen</span> 
     </span>
     <span class='ocr_line' id='line_1_28' title="bbox 172 4121 1582 4230; baseline -0.001 -25"><span class='ocrx_word' id='word_1_218' title='bbox 172 4122 416 4205; x_wconf 77' lang='lat' dir='ltr'>tradicionis</span> <span class='ocrx_word' id='word_1_219' title='bbox 450 4125 556 4206; x_wconf 75' lang='lat' dir='ltr'>Albe</span> <span class='ocrx_word' id='word_1_220' title='bbox 590 4125 811 4230; x_wconf 87' lang='lat' dir='ltr'>bulgariee,</span> <span class='ocrx_word' id='word_1_221' title='bbox 846 4152 894 4202; x_wconf 85' lang='lat' dir='ltr'>eo</span> <span class='ocrx_word' id='word_1_222' title='bbox 939 4122 1047 4229; x_wconf 78' lang='lat' dir='ltr'>quod</span> <span class='ocrx_word' id='word_1_223' title='bbox 1087 4147 1189 4229; x_wconf 88' lang='lat' dir='ltr'>pace</span> <span class='ocrx_word' id='word_1_224' title='bbox 1232 4121 1474 4202; x_wconf 83' lang='lat' dir='ltr'>‹leliaudata</span> <span class='ocrx_word' id='word_1_225' title='bbox 1506 4147 1582 4203; x_wconf 92' lang='lat' dir='ltr'>uo·</span> 
     </span>
     <span class='ocr_line' id='line_1_29' title="bbox 171 4241 1581 4352; baseline -0.001 -26"><span class='ocrx_word' id='word_1_226' title='bbox 171 4246 356 4327; x_wconf 79' lang='lat' dir='ltr'>luntario</span> <span class='ocrx_word' id='word_1_227' title='bbox 390 4247 673 4352; x_wconf 87' lang='lat' dir='ltr'>permisissent</span> <span class='ocrx_word' id='word_1_228' title='bbox 704 4246 958 4328; x_wconf 86' lang='lat' dir='ltr'>latrunculos</span> <span class='ocrx_word' id='word_1_229' title='bbox 992 4245 1212 4326; x_wconf 89' lang='lat' dir='ltr'>Bessorum</span> <span class='ocrx_word' id='word_1_230' title='bbox 1230 4243 1444 4350; x_wconf 87' lang='lat' dir='ltr'>depredari</span> <span class='ocrx_word' id='word_1_231' title='bbox 1464 4241 1581 4324; x_wconf 89' lang='lat' dir='ltr'>Hun-</span> 
     </span>
     <span class='ocr_line' id='line_1_30' title="bbox 172 4364 1581 4473; baseline -0.001 -25"><span class='ocrx_word' id='word_1_232' title='bbox 172 4367 346 4473; x_wconf 86' lang='lat' dir='ltr'>gan&#39;am.</span> <span class='ocrx_word' id='word_1_233' title='bbox 393 4365 584 4448; x_wconf 83' lang='lat' dir='ltr'>Collectis</span> <span class='ocrx_word' id='word_1_234' title='bbox 628 4369 765 4472; x_wconf 81' lang='lat' dir='ltr'>itaque</span> <span class='ocrx_word' id='word_1_235' title='bbox 807 4367 1069 4468; x_wconf 77' lang='lat' dir='ltr'>exercitibus,</span> <span class='ocrx_word' id='word_1_236' title='bbox 1105 4379 1392 4446; x_wconf 88' lang='lat' dir='ltr'>conuenerunt</span> <span class='ocrx_word' id='word_1_237' title='bbox 1435 4364 1475 4444; x_wconf 93' lang='lat' dir='ltr'>in</span> <span class='ocrx_word' id='word_1_238' title='bbox 1506 4365 1581 4446; x_wconf 87' lang='lat' dir='ltr'>Za·</span> 
     </span>
     <span class='ocr_line' id='line_1_31' title="bbox 171 4485 1580 4590; baseline -0.001 -19"><span class='ocrx_word' id='word_1_239' title='bbox 171 4489 413 4590; x_wconf 88' lang='lat' dir='ltr'>lankemen,</span> <span class='ocrx_word' id='word_1_240' title='bbox 456 4491 526 4572; x_wconf 91' lang='lat' dir='ltr'>ubi</span> <span class='ocrx_word' id='word_1_241' title='bbox 570 4491 741 4572; x_wconf 67' lang='lat' dir='ltr'>&lt;tonsilia</span> <span class='ocrx_word' id='word_1_242' title='bbox 781 4489 1066 4590; x_wconf 84' lang='lat' dir='ltr'>deliberantes,</span> <span class='ocrx_word' id='word_1_243' title='bbox 1111 4487 1387 4569; x_wconf 87' lang='lat' dir='ltr'>decreuerunt</span> <span class='ocrx_word' id='word_1_244' title='bbox 1428 4485 1580 4570; x_wconf 77' lang='lat' dir='ltr'>Albam</span> 
     </span>
     <span class='ocr_line' id='line_1_32' title="bbox 170 4607 1582 4718; baseline -0.001 -26"><span class='ocrx_word' id='word_1_245' title='bbox 170 4611 427 4692; x_wconf 85' lang='lat' dir='ltr'>traditricem</span> <span class='ocrx_word' id='word_1_246' title='bbox 440 4607 471 4718; x_wconf 81' lang='lat'>²)</span> <span class='ocrx_word' id='word_1_247' title='bbox 507 4613 682 4694; x_wconf 86' lang='lat' dir='ltr'>obsideri</span> <span class='ocrx_word' id='word_1_248' title='bbox 716 4623 915 4718; x_wconf 86' lang='lat' dir='ltr'>oportere,</span> <span class='ocrx_word' id='word_1_249' title='bbox 950 4623 990 4690; x_wconf 89' lang='lat' dir='ltr'>et</span> <span class='ocrx_word' id='word_1_250' title='bbox 1022 4609 1264 4717; x_wconf 86' lang='lat' dir='ltr'>expugnari.</span> <span class='ocrx_word' id='word_1_251' title='bbox 1307 4608 1407 4690; x_wconf 90' lang='lat' dir='ltr'>Inde</span> <span class='ocrx_word' id='word_1_252' title='bbox 1450 4621 1582 4691; x_wconf 85' lang='lat' dir='ltr'>castra</span> 
     </span>
     <span class='ocr_line' id='line_1_33' title="bbox 170 4729 1580 4839; baseline -0.001 -25"><span class='ocrx_word' id='word_1_253' title='bbox 170 4747 396 4816; x_wconf 87' lang='lat' dir='ltr'>monentes</span> <span class='ocrx_word' id='word_1_254' title='bbox 429 4735 734 4814; x_wconf 82' lang='lat' dir='ltr'>descenderunt</span> <span class='ocrx_word' id='word_1_255' title='bbox 772 4733 879 4813; x_wconf 88' lang='lat' dir='ltr'>cirea</span> <span class='ocrx_word' id='word_1_256' title='bbox 911 4729 1162 4839; x_wconf 80' lang='lat' dir='ltr'>flu(75)men</span> <span class='ocrx_word' id='word_1_257' title='bbox 1197 4731 1305 4812; x_wconf 87' lang='lat' dir='ltr'>Zana</span> <span class='ocrx_word' id='word_1_258' title='bbox 1339 4729 1378 4810; x_wconf 93' lang='lat' dir='ltr'>in</span> <span class='ocrx_word' id='word_1_259' title='bbox 1424 4729 1580 4812; x_wconf 81' lang='lat' dir='ltr'>directo</span> 
     </span>
    </p>
   </div>
   <div class='ocr_carea' id='block_1_5' title="bbox 280 4907 1059 5157">
    <p class='ocr_par' dir='ltr' id='par_1_5' title="bbox 280 4907 1059 5157">
     <span class='ocr_line' id='line_1_34' title="bbox 286 4907 1046 5050; baseline -0.007 -19"><span class='ocrx_word' id='word_1_260' title='bbox 286 4952 310 5048; x_wconf 82' lang='lat'>¹)</span> <span class='ocrx_word' id='word_1_261' title='bbox 341 4907 459 5049; x_wconf 69' lang='lat' dir='ltr'>conns.</span> <span class='ocrx_word' id='word_1_262' title='bbox 490 4959 603 5050; x_wconf 74' lang='lat' dir='ltr'>suppl.</span> <span class='ocrx_word' id='word_1_263' title='bbox 635 4959 673 5030; x_wconf 88' lang='lat' dir='ltr'>T.</span> <span class='ocrx_word' id='word_1_264' title='bbox 705 4951 732 5048; x_wconf 79' lang='lat'>²)</span> <span class='ocrx_word' id='word_1_265' title='bbox 762 4955 934 5030; x_wconf 80' lang='lat' dir='ltr'>traditem.</span> <span class='ocrx_word' id='word_1_266' title='bbox 966 4955 1046 5028; x_wconf 81' lang='lat' dir='ltr'>Uod.</span> 
     </span>
     <span class='ocr_line' id='line_1_35' title="bbox 280 5057 1059 5157; baseline -0.006 -20"><span class='ocrx_word' id='word_1_267' title='bbox 280 5057 392 5156; x_wconf 73' lang='lat' dir='ltr'>&#39;&#39;lDe</span> <span class='ocrx_word' id='word_1_268' title='bbox 422 5060 672 5157; x_wconf 83' lang='lat' dir='ltr'>expugnatione</span> <span class='ocrx_word' id='word_1_269' title='bbox 702 5063 777 5136; x_wconf 85' lang='lat' dir='ltr'>albe</span> <span class='ocrx_word' id='word_1_270' title='bbox 804 5058 988 5155; x_wconf 82' lang='lat' dir='ltr'>bulgarico.</span> <span class='ocrx_word' id='word_1_271' title='bbox 1017 5058 1059 5132; x_wconf 82' lang='grc' dir='ltr'>Α.</span> 
     </span>
    </p>
   </div>
   <div class='ocr_carea' id='block_1_6' title="bbox 0 0 1952 5758">
    <p class='ocr_par' dir='ltr' id='par_1_6' title="bbox 0 0 1952 5758">
     <span class='ocr_line' id='line_1_36' title="bbox 0 0 1952 5758; baseline 0 2"><span class='ocrx_word' id='word_1_272' title='bbox 0 0 1952 5758; x_wconf 95' lang='lat' dir='ltr'> </span> 
     </span>
    </p>
   </div>
  </div>
 </body>
</html>
