3900 5762
1370 16 1940 304 ‘'*l

375 665 505 778 possit
538 669 721 777 adipisci.
758 668 887 751 Cuius
920 668 1087 775 quidem
1121 667 1377 774 amplectens
1409 665 1640 774 consilium,
1661 699 1781 754 exer·

376 794 459 876 citu
493 793 627 874 statim
662 793 927 900 proclamato,
963 817 1158 894 egressus.
1183 791 1234 869 de
1255 788 1507 872 Siccambria
1538 793 1671 901 primo
1705 795 1783 878 illi·

373 917 476 997 ricos
510 915 658 996 dieitur
691 915 901 1014 inuasisse,
935 913 1083 992 deimle
1111 911 1356 994 Constaneie
1389 941 1561 1018 reguum
1595 929 1782 1022 pertran-

373 1039 479 1140 siuit‚
514 1038 579 1117 eui
612 1036 898 1141 Sigismundus
941 1063 1014 1114 rex
1063 1034 1239 1115 ooenrrit
1287 1033 1395 1115 eirca
1432 1035 1633 1118 Basilearn
1683 1067 1780 1120 curn

374 1161 559 1240 exoreitu
607 1185 770 1264 magno.
820 1159 952 1251 (luem
1002 1185 1096 1237 eum
1147 1171 1268 1260 gente
1316 1169 1402 1236 tota
1443 1175 1670 1262 conterens,
1704 1189 1781 1242 suo

374 1281 555 1362 dominio
588 1281 838 1385 subinganit.
872 1281 905 1358 Α
941 1279 1030 1358 loeo
1064 1295 1202 1360 antem
1237 1278 1305 1358 illo
1339 1305 1526 1382 egressus
1559 1282 1675 1362 iuxta
1702 1283 1782 1364 lle·

371 1433 472 1486 num
494 1403 761 1509 Argentinam
797 1402 1005 1482 eiuitatem
1026 1401 1197 1504 obsedit,
1217 1428 1343 1506 quam
1365 1401 1532 1507 quidem
1568 1403 1780 1486 ciuitatem

371 1552 637 1607 romanorum
671 1523 809 1604 nullus
842 1551 957 1603 eosar
993 1523 1127 1628 potuit
1162 1523 1351 1630 primitus
1395 1551 1647 1632 expugnare,
1689 1527 1781 1634 ipse

371 1647 497 1756 Atyla
531 1645 789 1753 expugnauit
821 1645 1020 1726 diruendo
1054 1673 1218 1726 murum
1254 1645 1342 1725 eius
1375 1644 1415 1725 in
1449 1646 1622 1729 diuersis
1662 1647 1779 1752 lociS,

371 1783 416 1850 ut
449 1770 607 1851 curretis
641 1767 959 1849 aduenientilms
992 1767 1080 1848 sine
1099 1767 1298 1871 grauitate
1326 1766 1391 1848 ria
1422 1769 1552 1850 libera
1584 1770 1780 1876 prebere·

369 1906 447 1973 tur.
481 1891 658 1972 lldioens
693 1890 934 1990 firmissima
969 1917 1020 1968 ne
1056 1889 1182 1995 ipsius
1215 1917 1358 1970 nunus
1392 1891 1480 1996 ipso
1498 1891 1666 1972 riuente
1685 1921 1781 1974 mu·

369 2031 537 2095 raretur.
583 2013 634 2093 Vt
676 2011 819 2093 eadem
864 2013 1008 2092 eluitas
1050 2037 1132 2092 nou
1167 2012 1403 2116 Argentina,
1442 2013 1512 2094 sed
1557 2009 1783 2120 Strozbnrg

368 2150 596 2238 vocaretur,
630 2149 797 2242 propter
829 2133 988 2215 riarum
1021 2133 1311 2239 pluralitatem,
1331 2162 1434 2240 (pras
1466 2135 1508 2214 in
1542 2163 1660 2216 muro
1688 2137 1781 2219 eius

369 2259 523 2339 fecerat
558 2257 716 2364 aperiri.
754 2257 905 2336 Amoto
943 2256 1063 2358 igitur
1103 2281 1178 2336 suo
1217 2257 1414 2358 exercitu,
1455 2257 1506 2336 do
1549 2258 1778 2361 Argentina

367 2380 604 2462 Luxoninm
640 2379 735 2485 (12)
774 2377 1016 2476 llinamiarn,
1050 2377 1219 2476 (ladon,
1239 2376 1436 2460 lllastieou
1456 2379 1652 2484 Ligonem
1670 2380 1780 2462 Bur·

368 2502 562 2606 gaudiam
599 2513 638 2581 et
659 2501 905 2604 lugdunum
941 2499 1095 2580 destrui
1116 2499 1213 2578 feeit
1245 2500 1432 2584 einitates
1455 2527 1588 2608 usque
1611 2516 1779 2585 terram.

368 2623 419 2703 Et
452 2651 638 2728 egressus
672 2623 766 2703 iude
801 2624 917 2703 iuxta
948 2621 1122 2702 fluuium
1151 2619 1395 2704 Rhodanum
1413 2623 1606 2731 peruenit
1623 2622 1780 2706 Catha-

367 2744 513 2826 launis.
548 2745 626 2826 Vbi
660 2744 791 2826 diuiso
825 2771 899 2824 suo
934 2744 1130 2846 exercitu,
1153 2745 1313 2824 tertiam
1342 2762 1501 2852 partem
1534 2775 1609 2830 sue
1640 2749 1779 2852 gentis

368 2885 509 2948 eontra.
540 2867 924 2948 lliramommonam
943 2866 1160 2948 soldanum
1180 2868 1512 2972 potentissimum
1532 2897 1628 2951 eum
1663 2869 1778 2950 elee-

367 2990 417 3074 tis
450 2990 675 3098 capitaneis
709 2988 940 3070 destinauit.
969 2987 1059 3082 Quo
1093 2989 1232 3068 audito
1266 2989 1373 3068 idem
1409 2991 1459 3069 do
1494 2993 1595 3074 urlre
1629 2991 1776 3074 Silrilie

365 3114 469 3219 fugit
500 3127 594 3194 ante
628 3113 761 3192 lnmos
796 3112 833 3190 in
870 3109 1136 3190 llarroelriam
1174 3111 1338 3192 braelno
1373 3115 1495 3195 maris
1523 3116 1630 3220 quod
1656 3114 1779 3196 strie-

365 3250 454 3318 tum
488 3234 628 3316 Sinite,
661 3233 809 3314 dieitur
842 3247 1129 3339 transpassato.
1176 3232 1264 3313 lloe
1294 3233 1401 3314 farto
1435 3235 1590 3316 ineerto
1631 3263 1774 3342 regem

365 3359 531 3467 Atylam
574 3382 836 3438 ronmnorum
878 3355 1072 3462 patrieius
1115 3355 1248 3436 dietus
1290 3354 1442 3438 llueius
1483 3385 1581 3440 oum
1623 3359 1774 3440 (lenem

366 3481 529 3586 regibus
572 3479 795 3560 osculantis
837 3478 989 3559 irumsit
1030 3507 1081 3557 ex
1117 3477 1305 3584 oluupto.
1344 3477 1534 3586 (lmnque
1568 3481 1773 3563 insultum

366 3603 594 3683 niterentur
624 3603 759 3681 lacero
792 3628 917 3707 super
952 3600 1128 3706 ,ltylann
1162 3625 1236 3705 por
1268 3601 1440 3682 nunoios
1475 3617 1620 3709 petens
1647 3604 1775 3684 indu-

366 3723 449 3807 eias
481 3723 693 3832 preliandi,
727 3735 773 3804 nt
813 3723 932 3829 eopia
978 3749 1053 3802 suo
1095 3722 1227 3826 gentis
1271 3751 1351 3828 que
1393 3723 1527 3804 luerat
1568 3725 1774 3808 aduersus

365 3847 583 3930 soldanum
616 3845 818 3927 destinata
843 3858 1055 3924 remearet.
1077 3843 1160 3926 lllis
1183 3845 1452 3928 renuentibus
1486 3847 1590 3928 iuter
1622 3849 1774 3930 ambos

365 3969 572 4050 exereitus
612 3996 636 4048 a
680 3994 799 4048 mano
838 3995 970 4074 usque
1012 3966 1063 4046 ad
1101 3979 1264 4047 nortem
1310 3967 1350 4047 iu
1389 3995 1537 4076 earnpo
1590 3969 1659 4076 qni
1709 3971 1773 4052 Be

365 4093 496 4173 winde
531 4090 678 4170 dieitur
709 4089 885 4196 prelium
904 4103 966 4197 est
983 4089 1263 4170 commissum.
1297 4089 1394 4170 Erat
1411 4091 1521 4170 onim
1539 4091 1645 4174 inter
1661 4092 1773 4176 dnos

365 4214 571 4295 exereitus
604 4211 755 4293 lluuins
789 4212 1019 4293 discurrens
1052 4226 1136 4291 tam
1181 4212 1461 4319 paruisslnms,
1496 4215 1606 4296 atsi
1640 4215 1774 4322 capil-

363 4337 450 4418 lum
484 4337 523 4416 in
559 4336 692 4442 ipsum
729 4334 819 4440 quis
855 4334 1054 4436 iaetasset,
1089 4363 1163 4414 suo
1198 4333 1308 4414 lento
1341 4347 1457 4416 motu
1475 4336 1545 4416 vix
1564 4337 1775 4443 potuisset

364 4458 532 4540 inferius
565 4483 791 4538 remouere.
828 4456 954 4536 l’relio
988 4469 1126 4536 autem
1171 4456 1248 4536 iam
1292 4458 1411 4559 tarto,
1446 4457 1685 4540 animalium
1727 4479 1773 4541 et

364 4581 578 4663 lromimnn
611 4579 853 4685 sanguinem
889 4579 1138 4680 imuulamlo‚
1172 4593 1310 4660 tantus
1345 4591 1500 4661 tmrens
1521 4581 1647 4664 fuisse
1673 4609 1774 4688 per·

363 4705 538 4806 hibetur,
572 4716 618 4786 ut
649 4702 831 4807 aurigam
866 4730 961 4784 enm
996 4729 1118 4782 enrru
1152 4701 1256 4782 iutro
1289 4701 1468 4782 traheret
1499 4729 1548 4784 ae
1574 4717 1772 4806 armatos,

363 4828 561 4934 fieretque
595 4825 817 4907 mortalitas
852 4851 933 4904 non
967 4825 1126 4906 modiea
1161 4851 1233 4932 per
1265 4835 1486 4905 torrentem
1521 4825 1561 4906 in
1588 4837 1773 4934 utroque

364 4951 561 5032 exercitu.
596 4947 701 5030 lllnd
735 4973 828 5052 ergo
861 4947 1179 5055 preliutn‚qu0d
1213 4947 1478 5031 commissum
1499 4949 1634 5030 extitit
1660 4948 1776 5032 inter

1001 544 1020 549 ,,
1036 429 1155 549 Ψ
