3896 5758
993 419 1052 496 na

943 517 1098 530 Dm*

316 657 469 728 mento.
517 643 590 728 Est
628 641 740 726 enim
775 670 971 727 ascensus
1004 640 1370 754 grattaluissnnns
1419 633 1569 720 montis
1602 631 1724 736 intus,

317 769 388 876 qui
421 770 473 850 ab
506 767 650 850 incolis
682 781 857 850 uocatur
896 767 1123 877 Kyrieleys.
1173 765 1454 872 Congregetus
1488 771 1550 842 est
1582 773 1723 840 autern

315 892 537 974 uniuersus
564 891 772 972 exereitus
790 890 1066 996 hungarorum
1087 890 1136 971 ad
1156 889 1335 971 radicem
1354 884 1505 966 rnoutis
1524 880 1724 962 eiusdem.

318 1013 468 1096 Milites
503 1013 613 1094 enim
646 1013 751 1118 regis
785 1011 1014 1119 Salomonis
1048 1040 1192 1094 ornnes
1225 1011 1376 1120 pariter
1408 1006 1626 1112 gestabant
1652 1029 1724 1084 vc-

315 1136 417 1218 xilla
448 1163 524 1218 sua
555 1135 663 1216 facta
698 1135 749 1215 de
793 1134 992 1243 syndone.
1041 1136 1192 1240 Pagaui
1239 1146 1380 1215 autem
1421 1132 1462 1211 in
1506 1127 1725 1208 cacumine

317 1259 466 1341 montis
500 1257 580 1340 iam
615 1253 843 1364 collocati¹)
876 1259 1051 1360 fuerant,
1086 1285 1139 1338 ex
1174 1257 1326 1364 quihus
1359 1254 1552 1334 forciores
1579 1265 1619 1329 et
1652 1275 1725 1329 au·

316 1381 500 1463 daeiores
533 1379 728 1486 sagittarii
761 1379 1066 1461 deseemlernnt
1087 1383 1127 1461 in
1155 1379 1337 1460 medium
1374 1376 1526 1459 ‹lcuexi
1562 1370 1725 1472 montis,

314 1517 362 1586 nt
393 1504 600 1609 hungaros
632 1503 684 1582 ab
718 1527 893 1584 ascensu
926 1504 1077 1584 ntontis
1111 1503 1254 1610 procul
1288 1511 1486 1583 arcerent.
1515 1495 1727 1601 (eperunt

313 1625 455 1734 itaque
488 1624 780 1732 tempestuosis
812 1625 1028 1732 ymbribus
1062 1624 1402 1706 densissimarum
1420 1621 1662 1727 sagittarum
1682 1617 1723 1697 in

315 1761 472 1830 turmas
505 1748 714 1853 legionum
747 1746 852 1851 regis
887 1759 927 1827 et
959 1747 1075 1828 ducis
1109 1749 1309 1829 desenire.
1359 1743 1535 1839 Quidam
1584 1753 1726 1822 autem

315 1870 444 1953 inoliti
478 1869 628 1951 milites
663 1868 940 1974 hungarorum
975 1870 1181 1952 irruerunt
1212 1897 1338 1976 super
1371 1869 1460 1948 illos
1482 1862 1725 1969 sagittarios

316 2004 358 2074 et
390 1991 659 2102 quamplures
693 2018 744 2071 ex
781 1991 838 2074 eis
872 1992 912 2072 in
945 1991 1072 2073 latere
1100 1992 1285 2074 eiusdem
1305 1991 1455 2072 mont-is
1474 1985 1727 2086 occiderunt,

317 2131 358 2196 et
390 2115 512 2197 ualde
545 2114 667 2221 pauci
701 2139 830 2220 equos
864 2139 960 2196 suos
993 2117 1171 2196 arcubus
1198 2109 1727 2211 suisverberandoengen·

315 2248 390 2340 tes,
423 2238 497 2320 uix
530 2236 579 2318 ad
614 2236 746 2318 socios
779 2262 875 2320 suos
909 2237 1132 2318 ascendero
1175 2249 1411 2344 potuerunt.
1459 2233 1548 2314 Rex
1583 2247 1726 2313 {tutem

315 2358 510 2441 Salomon
543 2359 738 2440 acerrime
781 2357 1050 2440 artimositatis
1091 2360 1264 2441 audacia
1305 2355 1617 2452 fremebundus
1651 2381 1729 2462 per

315 2483 605 2587 grauissimum
638 2506 857 2564 ascensum
893 2509 988 2561 cum
1030 2483 1192 2587 agmine
1227 2509 1314 2584 suo,
1365 2479 1481 2589 qnasi
1523 2477 1728 2584 reptando

316 2605 365 2684 ad
396 2629 579 2712 paganos
611 2602 807 2704 aseendit,
851 2603 920 2709 qui
964 2631 1089 2710 snper
1129 2634 1224 2686 enm
1259 2605 1525 2687 densissimos
1558 2600 1728 2707 sagit-ta-

315 2755 407 2809 rum
456 2727 622 2835 ymbres
666 2725 946 2807 effundebant.
995 2725 1093 2808 Dux
1137 2741 1277 2808 antem
1320 2729 1456 2834 (leysa
1499 2724 1605 2805 siout
1637 2737 1728 2804 erat

315 2847 721 2956 sernpe1·prouiduS‚
756 2873 830 2953 per
861 2848 1058 2929 leuiorem
1094 2877 1311 2932 ascensum
1340 2845 1581 2948 ascendens,
1600 2847 1727 2950 sagit-

314 2971 366 3054 tis
399 2970 514 3052 irruit
546 2997 672 3076 super
703 2968 853 3051 Cunus.
888 2969 1015 3052 Cuius
1048 2975 1173 3053 frater
1215 2973 1424 3054 ladizlaus
1460 2982 1637 3075 quatuor
1669 2995 1726 3048 ex

314 3093 544 3176 fortissimis
576 3117 830 3199 paganorum
865 3094 997 3199 primo
1032 3094 1190 3200 impetu
1225 3095 1439 3195 interfecit,
1474 3104 1515 3172 ct
1537 3091 1727 3198 :aquinto

316 3241 457 3299 eorum
492 3215 641 3320 sagitta
672 3213 850 3319 grauiter
883 3227 944 3297 est
977 3215 1231 3320 uulneratus,
1252 3216 1396 3298 eodem
1432 3241 1532 3295 nrox
1567 3214 1725 3296 ibidem

315 3339 542 3419 interfecto.
584 3337 852 3418 Postmodum
897 3338 1036 3419 diuina
1085 3339 1353 3421 miseracione
1387 3367 1411 3418 a
1444 3337 1619 3420 uulnere
1652 3334 1727 3415 illo

316 3459 396 3542 cito
430 3473 492 3542 est
524 3471 703 3542 sanatus.
753 3459 903 3563 Pagani
938 3486 1031 3564 ergo
1065 3461 1317 3544 atrocissima
1350 3461 1491 3542 mortis
1535 3457 1728 3540 illaoioue

319 3583 371 3663 ab
404 3580 600 3687 hungaris
634 3581 814 3681 coartati,
847 3581 1134 3662 miserabiliter
1165 3584 1390 3687 fugiebant.
1420 3581 1533 3677 Quos
1551 3580 1729 3685 hungari

317 3703 492 3784 celerius
524 3718 822 3811 persequentes
856 3703 1115 3786 acutissimos
1156 3705 1311 3808 gladios
1345 3731 1442 3788 suos
1476 3717 1517 3785 et
1548 3703 1730 3788 sitibun-

317 3825 391 3907 dos
424 3825 464 3904 in
499 3823 769 3930 sanguinibus
802 3824 1012 3907 Ounorum
1048 3827 1369 3909 inebriauerunt.
1404 3825 1549 3934 Capita
1568 3826 1729 3933 quippe

318 3946 598 4029 Cumanorum
611 3940 642 4052 2)
661 3946 822 4028 nouiter
839 3973 928 4030 rasa
960 3961 1173 4054 tamquam
1209 3951 1444 4032 cucurbitas
1470 3949 1519 4028 ad
1556 3945 1730 4029 maturi-

319 4081 444 4151 tatem
482 4069 668 4151 nondum
719 4068 825 4150 bene
868 4069 1089 4176 penlnctas
1133 4071 1359 4176 gladiorum
1412 4070 1560 4152 ictibus
1603 4068 1729 4150 disei-

317 4191 477 4274 mmm

475 4312 587 4395 Vidit
619 4313 799 4421 denique
833 4313 1095 4397 beatissimus
1115 4314 1327 4398 Ladizlaus
1361 4316 1448 4398 dux
1482 4343 1613 4397 uuum
1650 4341 1729 4420 pa-

318 4461 517 4542 ganorum
553 4436 623 4542 qui
657 4463 782 4542 super
810 4436 975 4518 dorsum
1013 4439 1108 4544 equi
1142 4439 1204 4519 sui
1231 4437 1412 4519 ducebat
1445 4465 1569 4519 unam
1604 4435 1727 4543 puel·

319 4557 400 4639 lam
444 4558 672 4662 hungaram
717 4559 958 4664 speciosam.
1012 4557 1185 4641 Sanctus
1230 4587 1324 4664 ergo
1366 4560 1453 4641 dux
1497 4558 1726 4659 ladizlaus

320 4691 470 4788 putans
504 4678 616 4760 illam
650 4706 740 4762 esse
774 4680 897 4760 liliam
933 4681 1116 4788 episcopi
1144 4679 1496 4785 ll³a1·arlie11sis,et
1528 4681 1727 4792 quamuis

428 4937 452 5042 ¹)
481 4939 615 5016 collecti
643 4941 681 5016 Τ.
713 4943 740 5034 ⁸)
770 4941 949 5016 bonorum.
981 4941 1019 5016 Τ.
