3898 5752
958 487 1112 591 Q

331 699 475 772 tores
505 699 759 794 praeficiuntur.
803 703 896 775 Kena
938 704 1253 797 capitaneos
1295 703 1391 796 ponit
1427 725 1488 796 pro
1525 701 1738 776 ductoribus.

334 821 452 916 „Huni
489 821 526 895 in
562 845 666 896 unum
709 825 908 918 congregati
944 826 1257 919 capitaneos
1286 825 1377 898 inter
1405 847 1452 915 se,
1483 847 1542 898 sen
1571 825 1674 896 duces
1703 828 1739 894 et

330 945 506 1040 principes
534 947 785 1038 pr·elecerunt.“
818 948 847 1019 I.
878 949 911 1021 2.
943 947 1099 1042 Huugari
1130 947 1233 1020 etiam
1268 947 1356 1040 apud
1394 945 1491 1020 illum
1530 944 1740 1038 capita-

330 1067 444 1142 neis
486 1067 724 1142 subiiciuntur.
773 1071 846 1155 „Ex
884 1069 962 1143 istis
1000 1070 1188 1163 capitaneis
1224 1069 1340 1163 hrpad
1377 1068 1469 1142 tilius
1506 1066 1597 1140 dlmi
1634 1069 1740 1140 rebus

330 1189 434 1263 ditior
463 1193 547 1280 erat,
578 1195 611 1262 et
639 1191 814 1282 potentior
841 1197 978 1285 gonte.“
1011 1194 1049 1265 ll
1097 1197 1124 1264 1.
1158 1194 1323 1265 Memorat
1352 1190 1454 1263 etiam
1483 1191 1738 1263 barones:

334 1313 398 1403 „In
427 1313 640 1405 Hungariam
668 1311 848 1385 deducitur
876 1315 1081 1407 captivatus.
1113 1336 1187 1385 rum
1230 1312 1308 1386 aliis
1350 1312 1495 1406 capnitis
1536 1311 1738 1399 baronibus

329 1427 522 1520 comitibus,
553 1438 586 1507 et
614 1432 821 1507 miliribrrs“
858 1437 894 1508 ll
937 1441 971 1508 5.

487 1556 660 1648 Gallitauei
692 1557 868 1630 ciuitatum
895 1559 983 1650 apud
1015 1561 1122 1633 ltulos
1152 1561 1305 1632 Francos
1335 1561 1366 1630 et
1394 1559 1585 1632 Geruranos
1605 1556 1741 1649 pridem

330 1677 365 1749 in
394 1702 468 1752 usu.
503 1680 710 1776 „tHeuricus
740 1681 780 1752 V.
812 1679 908 1772 imp.)
939 1687 975 1752 ut
1005 1681 1218 1773 capitan
1237 1680 1276 1752 ei
1310 1678 1459 1752 diritatis
1489 1679 1739 1772 (Bambergeu-

329 1799 392 1888 sis)
421 1801 631 1894 hloguutiam
659 1803 700 1875 ad
730 1805 841 1876 natale
871 1803 1087 1878 Dominicuru
1115 1803 1180 1876 sibi
1209 1807 1389 1875 occurrant
1420 1801 1592 1874 mandat‘
1636 1801 1738 1874 Ebho

330 1921 363 1993 iu
392 1921 473 1995 Vita
501 1922 638 1998 Ottouis
668 1927 786 1999 Bnmh.
818 1925 879 2001 SS.
909 1927 983 1998 XII
1024 1928 1110 1998 8:¹1.
1153 1923 1352 2016 Rubruquis
1382 1923 1415 1996 iu
1453 1923 1630 1996 itinerario
1673 1946 1738 1995 suo

333 2043 443 2117 1253.
476 2045 593 2138 „Tunc
622 2047 754 2120 locutus
785 2070 859 2120 sum
887 2048 928 2119 ad
957 2069 1043 2139 cap
1062 2046 1070 2118 i
1087 2054 1100 2119 t
1115 2070 1134 2120 a
1151 2070 1170 2118 u
1187 2069 1204 2118 e
1220 2070 1272 2120 os
1301 2044 1462 2133 ciuitatis
1495 2043 1560 2117 imo
1581 2045 1623 2118 ad
1643 2045 1738 2118 rica-

317 2166 400 2240 rios
429 2165 696 2260 capitaneorum,
727 2169 806 2264 quia
833 2169 1001 2262 capitanei
1030 2169 1163 2242 inerant
1192 2168 1233 2242 ad
1261 2168 1383 2254 Beata,
1414 2170 1592 2259 portantes
1623 2165 1738 2239 trihu·

328 2292 433 2361 tum.“
466 2287 489 2362 O
529 2290 569 2362 D.
600 2291 658 2364 lV.
692 2293 726 2364 2.
757 2293 842 2365 265.
874 2292 962 2366 Huic
990 2295 1199 2366 tartarorum
1221 2290 1323 2364 etiarn
1343 2290 1515 2384 principes
1536 2288 1737 2382 capitanei:

333 2409 522 2503 „tlartarh
550 2410 642 2484 iuter
670 2435 706 2486 se
734 2414 924 2487 diviserunt
954 2413 1127 2509 Scythiam
1157 2435 1241 2506 quae
1269 2413 1367 2485 durat
1396 2433 1415 2484 a
1443 2409 1600 2484 Danubio
1626 2432 1738 2503 usque

327 2532 368 2604 ad
398 2535 511 2604 ortum
540 2533 624 2606 solis
679 2536 722 2608 Et
751 2534 894 2628 quilibet
924 2537 1246 2628 capitaneus
1276 2535 1459 2606 secundnm
1502 2531 1589 2625 ryuod
1632 2531 1738 2604 hahet

326 2653 443 2746 plures
472 2656 525 2728 vel
556 2655 734 2747 pauciores
762 2656 918 2731 homiues
949 2660 1010 2731 sub
1041 2683 1087 2732 se.
1119 2657 1183 2730 scit
1212 2657 1394 2729 terminum
1423 2677 1624 2748 pascuorum
1655 2675 1735 2726 suo-

327 2798 411 2848 rum.
443 2819 490 2830 -
520 2780 603 2852 Erat
633 2777 665 2850 in
697 2779 755 2852 illu
785 2780 955 2872 prouincia
995 2803 1080 2852 arratis
1123 2777 1399 2873 collaudamus
1441 2779 1551 2850 Baatu
1595 2775 1734 2848 nomine

327 2897 509 2991 Scagatai;
540 2899 573 2972 in
604 2900 657 2973 die
688 2903 909 2975 Pentecostes
938 2900 1031 2974 dedit
1061 2901 1159 2974 urbis
1189 2899 1246 2973 ille
1277 2924 1292 2972 r
1308 2923 1364 2993 ap
1381 2899 1390 2972 i
1408 2905 1420 2972 t
1439 2923 1494 2972 au
1511 2921 1528 2972 e
1544 2922 1596 2971 us
1626 2921 1733 2971 arnum

324 3011 505 3112 hominem,
540 3024 596 3114 qui
627 3047 687 3096 uos
717 3025 890 3096 duceret.“
922 3023 991 3097 ibid
1022 3025 1109 3096 aba.
1140 3024 1265 3096 Eridani
1297 3027 1449 3114 tenuiore
1479 3019 1627 3094 occurrit
1658 3019 1731 3114 pri-

324 3165 417 3216 mum
445 3145 529 3220 haee
558 3169 623 3220 ron
652 3168 755 3218 seusu
783 3145 1049 3240 praelecti
1079 3143 1343 3219 militaris
1373 3144 1405 3215 iu
1444 3142 1524 3216 stilo
1564 3142 1731 3235 diploma-

326 3265 392 3340 tico
422 3267 510 3361 apud
539 3269 748 3362 Huugaros:
796 3269 888 3354 „Nos
934 3267 1129 3360 Stephanus
1171 3269 1288 3340 Banus
1318 3266 1424 3338 totius
1456 3264 1647 3352 Seleucum,
1690 3287 1730 3338 ae

325 3387 522 3482 capitaneus
551 3388 690 3462 Stirie.“
727 3389 836 3461 l2bl.
879 3390 959 3481 Ipse
989 3411 1049 3461 rex
1079 3388 1172 3462 ducis
1203 3389 1302 3462 titulo
1333 3387 1462 3461 utitur:
1514 3388 1607 3478 „Nos
1644 3387 1728 3460 Bela

325 3511 386 3585 Ilei
415 3510 528 3605 gratia
557 3534 617 3584 rex
646 3509 834 3604 Hungario,
857 3511 925 3583 clun
947 3511 1083 3585 Stirie.·'‘
1116 3513 1227 3585 1255.
1249 3511 1283 3584 C.
1305 3510 1346 3583 D.
1369 3511 1428 3583 lV.
1451 3514 1485 3582 ⁶2.
1508 3509 1726 3584 acl-290.

480 3651 554 3723 Vou
584 3649 865 3742 capritaueus
893 3650 1035 3725 Notario
1058 3650 1185 3744 ignota,
1216 3651 1323 3723 baro
1353 3672 1418 3722 uon
1439 3647 1584 3735 usitata;
1616 3649 1727 3725 ioha-

322 3771 394 3866 gio
424 3795 502 3846 rero
532 3771 621 3865 apud
650 3773 778 3844 Keuam
808 3795 875 3844 uon
904 3772 1043 3864 legitur.
1070 3772 1172 3846 Ultro
1194 3779 1305 3844 tanna
1326 3769 1551 3860 coucedimus,
1573 3770 1724 3867 iobagio-

323 3917 383 3967 nes
411 3895 553 3967 adhuc
585 3902 736 3986 temporo
766 3893 927 3982 Simonis,
958 3897 992 3967 et·
1022 3896 1164 3967 barones
1194 3893 1277 3967 iam
1310 3901 1461 3986 tempore
1483 3891 1664 3988 Arumynri,
1685 3919 1724 3968 eo

323 4038 420 4109 quem
450 4039 553 4108 supra
580 4015 792 4089 laudavimus
823 4039 937 4104 sensu,
969 4016 1004 4089 in
1033 4039 1095 4089 usu
1125 4016 1244 4089 fuisse.

478 4141 511 4211 3.
542 4137 713 4210 Differnut
742 4136 775 4209 in
815 4138 1044 4232 descriptione
1075 4138 1244 4233 Scythiae.
1286 4139 1391 4211 Belae
1433 4137 1527 4232 regis
1569 4139 1722 4214 notarius

324 4258 380 4351 qui
412 4257 509 4332 initio
539 4258 653 4352 operis
684 4257 737 4333 sni
766 4259 1030 4353 descriptionem
1059 4259 1217 4354 Scythiae
1249 4260 1354 4352 ponit,
1384 4259 1541 4334 notitiam
1569 4259 1642 4335 eins
1670 4283 1721 4334 re-

320 4379 438 4474 giouis
454 4379 590 4454 ridetur
604 4380 765 4454 hahuisse
795 4383 933 4470 nullam,
957 4382 1008 4454 rel
1031 4385 1121 4455 certe
1142 4381 1372 4475 perexiguam.
1398 4382 1611 4475 Reginonem
1633 4381 1720 4456 eninr

320 4501 450 4596 passim
481 4503 643 4596 excerpit.
675 4503 732 4595 qui
761 4503 896 4596 etipse
925 4527 941 4576 a
971 4502 1111 4577 Justiuo
1150 4507 1316 4576 sumserat
1356 4505 1529 4596 pleraque,
1559 4504 1720 4580 historio-

318 4626 535 4718 graphorum,
566 4629 603 4698 ut
630 4624 689 4712 ait,
720 4624 810 4698 diota
837 4648 994 4719 sequens.
1027 4625 1184 4720 Scythiae
1213 4624 1354 4699 durium
1380 4649 1483 4699 uuum
1513 4627 1608 4700 norit
1627 4625 1718 4700 dno·

318 4769 438 4840 aymus
464 4747 618 4832 ‘lanciam
649 4770 747 4840 quem
776 4771 842 4820 non
872 4747 1032 4820 distinxit
1061 4772 1080 4821 a
1108 4747 1210 4820 tluuio
1240 4749 1331 4842 Etyl,
1363 4771 1465 4840 qrrem
1498 4771 1625 4842 „super
1654 4749 1718 4822 tul-

318 4871 386 4942 bou
416 4867 539 4967 (utres)
570 4869 729 4943 sedentes
758 4873 887 4962 septem
924 4869 1133 4963 principales
1173 4891 1338 4962 personae
1377 4875 1714 4944 transnataueruut.¹‘

319 4991 398 5065 VII.
427 4989 603 5068 Peculiare
632 4995 685 5068 est
714 4990 748 5066 in
786 4992 847 5065 hae
885 4991 1115 5088 descriptione
1152 5014 1272 5066 nomen
1312 4992 1615 5090 iteratumoger
1652 4998 1719 5070 taur
