3896 5758
17 9 747 243 ν

815 543 969 649 „¹23-

419 884 579 968 XLVII.
612 880 681 963 Do
709 881 826 963 Belo
853 880 970 963 duce
996 881 1162 985 Benyn
1189 880 1356 986 dictor)

345 1132 444 1212 Bola
477 1157 574 1212 vera
605 1131 694 1214 dur
726 1129 892 1237 ipsein
935 1129 1103 1212 Polouia
1149 1131 1253 1214 duos
1295 1131 1439 1238 genuit
1476 1131 1594 1236 filios,

192 1283 365 1362 quoruru
384 1253 658 1361 uuusGeysa,
692 1253 795 1333 altor
826 1267 966 1334 autern
999 1253 1213 1336 Ladizlaus
1245 1254 1412 1336 nomine
1430 1256 1498 1337 aui
1531 1256 1595 1338 sui
1715 1285 1719 1296 ·

192 1391 252 1460 est
282 1391 470 1460 uocatus
505 1374 726 1482 Displicuit
757 1391 895 1458 auteur
929 1374 1066 1456 lindre
1100 1388 1142 1456 et
1172 1376 1358 1458 Leuente
1391 1377 1502 1484 quod
1521 1403 1597 1483 per

191 1499 331 1582 Belarn
363 1498 474 1607 apud
507 1496 655 1579 ducein
675 1496 841 1577 Polonie
875 1495 993 1604 quasi
1025 1498 1276 1606 appendices
1293 1498 1500 1605 degerent,
1522 1499 1594 1579 de·

192 1620 427 1727 dignarique
460 1632 558 1702 sunt
590 1619 805 1701 occasione
839 1620 903 1701 sui
935 1620 1114 1702 nominis
1145 1620 1188 1701 in
1221 1620 1338 1704 ducis
1372 1621 1596 1729 curiaper-

192 1771 368 1825 manere.
401 1742 451 1824 Et
484 1755 655 1850 accepta
687 1767 711 1822 a
743 1740 849 1821 duce
883 1741 1059 1840 licentia,
1093 1742 1193 1823 Bela
1208 1743 1331 1824 fratre
1348 1769 1424 1825 suo
1441 1743 1597 1825 ibideru

191 1867 341 1968 relicto,
377 1881 522 1946 euutos
556 1863 720 1946 iuoruut
753 1863 804 1943 ad
839 1890 978 1967 regern
1010 1863 1265 1966 Lodornerie,
1295 1864 1366 1973 qui
1385 1866 1494 1973 ipsos
1513 1891 1596 1946 uon

191 1987 355 2095 recepit.
389 1985 581 2092 Cumque
613 2011 695 2066 uon
730 1984 931 2065 haberent
956 1985 1028 2068 ubi
1052 1999 1178 2094 caput
1194 2014 1318 2069 suum
1336 1987 1596 2089 reclinarent,

192 2109 340 2194 abinde
373 2109 423 2191 ad
459 2133 659 2191 curuanos
678 2120 963 2215 perrexerunt.
983 2106 1181 2191 Videntes
1214 2120 1355 2191 autern
1388 2110 1498 2218 ipsos
1525 2135 1597 2192 cu·

194 2233 300 2314 rnaui
334 2231 490 2338 optirne
522 2243 776 2338 personatos,
818 2229 1000 2310 arbitrati
1042 2244 1150 2332 sunt,
1192 2243 1239 2312 ut
1272 2257 1414 2315 eorum
1448 2245 1597 2313 terrani

193 2353 459 2436 aduenissent
490 2353 718 2462 explorare.
753 2351 804 2432 Et
838 2351 914 2431 uisi
949 2353 1139 2459 captiuus
1166 2353 1375 2460 hungarus
1393 2353 1484 2437 illos
1502 2381 1598 2461 cog·

192 2477 377 2558 nouisset
407 2503 449 2556 re
482 2503 580 2557 uera
614 2473 885 2575 occidisseut3
919 2487 958 2555 et
976 2475 1034 2554 sic
1052 2475 1319 2582 postmodum
1336 2476 1475 2585 aliquo
1493 2490 1598 2558 tern-

194 2625 288 2706 pore
324 2599 432 2706 ipsos
466 2609 701 2680 tenuerunt.
735 2596 899 2678 Abhinc
934 2610 1077 2703 postea
1109 2599 1149 2678 in
1178 2598 1372 2681 Rusoiaur
1391 2613 1598 2707 suntpro·

192 2721 298 2802 fecti.
332 2721 391 2802 Eo
424 2734 610 2829 ternpore
644 2719 811 2826 quidaur
834 2734 1045 2823 magnates
1064 2719 1273 2826 Hungarie
1293 2721 1596 2804 desolacionour

194 2843 303 2949 regui
337 2856 550 2950 gementes
584 2857 624 2922 ct
658 2841 948 2922 liberacioneru
985 2841 1599 2952 Hungarieatyrannidel‘otri

194 2966 418 3074 cupientes,
460 2964 595 3047 Eudre
633 2965 731 3044 llole
765 2979 806 3043 ot
839 2964 1033 3066 latrante,
1078 2965 1149 3072 qui
1192 2966 1243 3047 de
1276 2993 1425 3073 genere
1467 2967 1596 3049 sauoti

194 3087 390 3196 Stephani
421 3089 526 3192 regis
560 3085 761 3193 progeniti
794 3101 919 3182 eruut,
958 3086 1244 3168 intornerataur
1260 3087 1501 3169 fidelitatem
1514 3115 1599 3169 ser-

194 3211 358 3312 uabaut,
391 3223 432 3289 et
465 3209 522 3292 eis
555 3237 629 3317 per
662 3207 836 3291 nuncios
871 3209 977 3290 bona
1011 3237 1092 3316 que
1125 3210 1278 3291 habere
1295 3210 1599 3317 poterantruit-

195 3331 328 3435 tendo,
361 3331 535 3414 fideliter
566 3331 814 3414 soruiobaut.
850 3330 974 3411 lirant
1001 3346 1141 3414 autern
1160 3331 1224 3414 isti
1249 3345 1463 3437 magnates
1475 3330 1599 3414 Visoa

195 3453 280 3536 Bua
311 3467 353 3536 et
384 3453 543 3555 Bubna‚
579 3467 619 3536 ct
651 3453 716 3533 alii
752 3453 977 3534 eoruruloru
1012 3455 1173 3559 cognati
1202 3452 1272 3560 qui
1305 3480 1471 3562 semper
1502 3481 1598 3535 curu

194 3576 375 3684 suspiriis
418 3590 458 3655 rt
506 3576 727 3681 goruitibus
773 3576 1053 3682 cuper-tabant
1096 3587 1374 3684 opportunum
1419 3590 1597 3684 ternpus,

194 3698 358 3805 quaudo
392 3697 600 3780 Aurlrearu
635 3697 775 3778 Belaru
811 3712 851 3777 ot
885 3697 1111 3780 Leuentarn
1146 3710 1316 3806 possent
1341 3699 1539 3781 reducere
1557 3699 1597 3780 in

196 3819 459 3928 Hungariarn,
494 3834 535 3902 et
565 3847 739 3927 regnum
781 3819 922 3926 generi
962 3820 1094 3904 sancti
1132 3819 1331 3928 Stephani
1373 3821 1478 3928 regis
1528 3821 1599 3929 qui

194 3969 261 4027 eos
293 3942 496 4026 dilexerat
527 3955 570 4024 et
617 3944 884 4045 exaltauerat,
919 3943 1112 4027 omnibus
1156 3943 1315 4028 uiribus
1364 3943 1448 4028 suis
1482 3943 1598 4026 resti·

194 4077 306 4148 tuere
349 4065 603 4148 laborabant.
641 4064 782 4146 Petrus
826 4092 921 4146 roro
963 4093 1036 4146 rex
1080 4093 1154 4174 per
1196 4078 1442 4174 potestatem
1492 4064 1599 4172 regis

194 4188 493 4270 teutonicorum
528 4187 671 4284 elatus,
709 4214 789 4268 nou
833 4187 911 4269 iarn
954 4189 1152 4293 regnabat
1183 4187 1255 4272 sed
1289 4189 1427 4297 potius
1460 4201 1598 4296 tyran·

195 4309 296 4394 nidis
338 4336 413 4394 sue
454 4309 694 4392 crudelitate
737 4309 990 4414 Hungariaur
1034 4310 1305 4418 deprimendo
1352 4309 1600 4416 flagellabat.

195 4431 450 4527 Quibusdam
483 4447 622 4514 autern
656 4431 822 4540 perfidis
857 4432 974 4515 Buda
1005 4433 1163 4515 scilicet
1195 4448 1236 4514 et
1268 4431 1599 4538 Deueohersug·

197 4553 442 4660 gerentibus,
479 4553 639 4638 audiuit
671 4553 826 4654 Petrus,
860 4555 971 4662 quod
1006 4555 1178 4662 predicti
1210 4553 1371 4636 nobiles
1389 4553 1599 4661 Hungarie

197 4676 351 4758 scilicet
382 4671 505 4759 Visca
535 4677 626 4760 Bua
658 4690 698 4757 et
730 4675 878 4759 Buhna
910 4690 950 4759 et
983 4703 1126 4760 eorurn
1160 4677 1322 4784 cognati
1350 4675 1597 4784 cogitabant,

198 4798 370 4908 qualiter
400 4825 573 4906 regnum
607 4799 716 4905 regio
765 4799 911 4881 sernini
961 4811 1130 4906 possent
1171 4798 1398 4900 restituere,
1439 4810 1482 4879 et
1513 4799 1599 4880 An·

199 4985 402 5000 w

302 5053 328 5160 ¹)
357 5057 407 5132 De
435 5059 532 5132 boola
560 5057 643 5133 duco
671 5061 769 5152 patra
798 5057 909 5134 sancti
936 5055 1101 5134 Ladialai.
1124 5055 1165 5132 t.

1461 5185 1496 5246 lt*
