3896 5758
820 403 975 508 Q

196 631 332 700 terunt
363 645 408 702 se
442 619 493 701 ad
525 616 802 723 Salomonem,
837 621 944 704 sient
974 620 1050 706 sibi
1079 619 1365 730 promiserunt.
1386 615 1486 702 Dux
1503 643 1600 702 vero

197 741 341 850 Geysa,
375 743 568 850 quamuis
600 744 786 826 maxima
817 759 933 852 parte
967 745 1175 827 exercitus
1222 745 1285 826 sui
1328 757 1438 826 esset
1477 743 1600 824 desti·

195 876 318 966 tutus,
352 891 435 945 non
468 879 605 947 tamen
641 867 862 964 abborruit,
908 895 992 948 nno
1025 880 1185 948 tantum
1229 868 1392 972 agmine
1426 867 1599 973 stipatus

195 1001 332 1066 corrtra
366 988 531 1092 triginta
563 987 794 1070 Salomonis
827 991 991 1094 agmina
1008 990 1270 1070 senissimum
1289 988 1466 1096 prelium
1485 1013 1599 1068 com·

193 1109 367 1190 mittere.
411 1109 642 1192 'lladitores
676 1124 814 1192 antem
848 1112 1054 1214 fugientes
1086 1112 1285 1192 leuabant
1316 1112 1470 1216 clipeos
1503 1135 1599 1190 suos

193 1231 233 1311 in
265 1228 441 1337 signum,
476 1233 586 1339 quod
620 1235 704 1338 regi
739 1231 950 1336 dederant,
985 1233 1337 1339 quemadmodmn
1371 1231 1494 1314 ludas
1520 1245 1600 1311 tra·

194 1352 299 1433 ditor
330 1355 401 1460 qni
434 1355 604 1436 dederat
636 1356 812 1460 signnm,
861 1384 913 1435 nc
953 1356 1103 1436 milites
1137 1357 1241 1459 regis
1275 1382 1344 1436 eos
1377 1379 1600 1462 perseque-

194 1490 344 1556 rentur.
378 1475 593 1558 Exercitus
626 1493 765 1557 antem
800 1479 904 1581 regis
938 1478 1102 1582 ignarus
1136 1477 1383 1584 prodicionis
1416 1475 1532 1581 sigui,
1560 1486 1601 1554 et

193 1597 482 1704 ni(82)dentes
515 1599 679 1703 agmina
712 1599 828 1680 (lucis
861 1601 1014 1704 lugere,
1050 1612 1292 1706 persecutus
1321 1612 1599 1703 esteausqne

194 1718 245 1800 ad
277 1719 658 1828 interempcionem,
691 1722 748 1802 ita
781 1723 889 1828 qrrrnl
926 1723 996 1803 nix
1032 1721 1266 1828 parrcissimi
1310 1748 1361 1800 cx
1407 1720 1486 1802 illis
1519 1734 1599 1798 tra·

194 1839 392 1924 ditoribns
426 1859 597 1924 mortem
633 1857 866 1947 etrasemnt,
901 1858 942 1924 et
972 1845 1130 1925 utinam
1165 1871 1217 1924 ex
1253 1843 1310 1924 eis
1342 1843 1599 1924 nullnseua·

194 1963 322 2066 sisset,
357 1964 427 2070 qni
460 1965 674 2047 dominum
708 1993 829 2048 suum
863 1967 1169 2046 benetactorem
1187 1965 1500 2046 sceleratissime
1518 1977 1598 2044 tra·

194 2084 397 2167 diderunt.
431 2085 635 2169 Omnibus
669 2103 808 2170 autem
844 2089 1042 2170 militibus
1075 2088 1159 2169 suis
1193 2087 1474 2193 pereuntibus,
1527 2085 1598 2164 de-

195 2205 365 2290 clinauit
381 2209 469 2290 dux
501 2193 666 2311 abello,
710 2211 981 2316 transicitqne
1013 2209 1202 2317 'lfysciam
1236 2210 1277 2288 in
1311 2207 1524 2313 (totttoiut)
1559 2221 1600 2287 et

194 2328 414 2436 Georgium
449 2331 608 2436 nigrum
644 2332 906 2439 capellanum
941 2361 1062 2413 sumn
1098 2331 1150 2411 ad
1182 2331 1346 2411 fratrem
1380 2329 1598 2412 snumLa·

193 2451 370 2533 dizlanm
406 2454 639 2557 transmisit,
673 2471 719 2536 ut
752 2455 1001 2561 quamcitius
1042 2465 1182 2560 posset
1215 2453 1267 2532 ad
1301 2480 1396 2533 eum
1429 2451 1598 2535 festina·

191 2587 262 2654 ret.
296 2573 493 2656 luancam
527 2602 624 2657 vero
658 2577 853 2659 clericum
887 2605 1011 2658 suum
1039 2576 1264 2656 litteratum
1282 2574 1392 2656 misit
1409 2575 1461 2654 ad
1477 2573 1598 2654 Lam·

192 2711 369 2802 pertum.
403 2696 594 2804 Cumque
627 2699 763 2806 Geysa
795 2699 1020 2806 equitasset
1052 2696 1385 2804 nsqueVaciam,
1413 2696 1599 2778 obuiauit

191 2818 301 2899 fratri
344 2844 421 2902 suo
457 2819 656 2922 Ladizlao,
702 2835 744 2901 et
775 2821 944 2902 Ottboni
985 2819 1080 2900 duci
1125 2819 1277 2902 sororio
1310 2845 1465 2920 eorum,
1500 2846 1597 2900 oum

191 2939 347 3022 auxilio
380 2941 516 3022 ualido
550 2943 823 3024 venientibus.

348 3061 538 3170 Cumque
581 3065 668 3146 dux
709 3065 845 3174 Geysa
884 3064 1056 3145 uidisset
1097 3063 1262 3143 fratrem
1297 3089 1419 3143 suum
1454 3061 1595 3142 Ladiz-

192 3183 316 3286 laum,
349 3212 422 3292 pre
456 3186 582 3266 nimio
615 3186 754 3268 dolore
796 3187 922 3267 flebat
954 3186 1051 3292 qnia
1086 3185 1214 3264 bonos
1249 3196 1290 3265 ct
1321 3182 1463 3264 fideles
1498 3209 1595 3265 suos

190 3306 406 3409 amisisset,
441 3308 564 3388 etde
598 3309 859 3390 traditoribus
893 3307 1235 3414 conquerebatur.
1276 3304 1490 3385 ladizlaus
1522 3331 1595 3386 au·

190 3441 273 3508 tem
307 3429 445 3511 animo
477 3430 590 3511 fortis
622 3430 789 3512 fratrem
829 3458 951 3512 suum
997 3427 1253 3508 confortabat
1294 3453 1346 3506 ne
1364 3425 1489 3526 fleret,
1523 3427 1594 3508 sed

189 3550 327 3656 potius
360 3551 653 3659 omnipotentis
686 3553 751 3632 dei
785 3552 1054 3632 clemenciam
1090 3562 1290 3650 exoraret,
1317 3561 1363 3628 ut
1394 3547 1594 3630 uictorem
1645 3575 1649 3582 ·

189 3670 310 3754 uictis
343 3673 593 3778 subiugaret,
627 3674 979 3780 quemadmodum
1012 3674 1142 3752 fmrna
1175 3671 1377 3752 bellorum
1413 3683 1484 3751 est.
1508 3669 1596 3751 llex

191 3805 331 3874 antem
365 3809 406 3876 et
437 3795 524 3875 dux
558 3809 653 3876 ante
686 3795 1049 3899 Quadragesinmm
1071 3808 1362 3899 pugnanemnt
1378 3792 1417 3872 in
1438 3791 1594 3894 liemei,

190 3929 335 4022 quarta
366 3916 467 3997 feria
498 3931 592 4024 post
623 3917 871 3998 dominicam
906 3944 989 4023 qua
1020 3928 1209 3997 cantatur
1240 3914 1419 4019 Exurge.
1452 3914 1500 3995 In
1518 3915 1596 3995 hoc

189 4049 329 4119 autem
362 4036 472 4120 bello
506 4038 622 4145 Opus
653 4039 761 4121 filins
795 4037 958 4118 Martini
991 4038 1041 4117 de
1075 4064 1225 4142 genere
1258 4035 1458 4116 Vecellini
1477 4036 1595 4118 miles

189 4159 399 4264 gloriosus,
433 4160 604 4241 militem
639 4161 756 4243 ducis
788 4161 956 4241 nominc
989 4159 1155 4240 Petrum
1187 4156 1509 4239 audacissimum
1527 4185 1595 4239 su-

189 4307 262 4386 per
294 4309 448 4389 equum
483 4283 769 4382 submirteum,
803 4297 1046 4388 ceterosque
1078 4280 1385 4388 precedentem,
1412 4278 1593 4360 radiante

190 4400 313 4483 lorica
345 4417 386 4485 et
418 4403 614 4485 deaurata
647 4406 766 4510 galea
797 4405 1077 4512 perspicuum,
1111 4415 1236 4510 atque
1270 4401 1323 4481 ad
1356 4399 1592 4481 conflictum

194 4523 342 4607 milites
373 4541 683 4633 prouocantem,
718 4527 914 4633 singulari
947 4525 1171 4607 certamine
1214 4522 1436 4630 superauit.
1488 4521 1593 4602 Nam

191 4643 239 4726 de
272 4648 434 4753 agmine
478 4646 708 4730 Salomonis
743 4649 801 4748 ,ad
846 4649 1078 4756 predictum
1123 4645 1293 4728 militem
1328 4642 1440 4724 solus
1475 4641 1591 4748 Opus

193 4835 275 4843 -—-

290 4902 324 4998 ²¹⁶)
352 4905 518 5001 Thocoyd.
550 4909 588 4979 T.
