3896 5758
980 491 1136 598 ...¹92

626 835 770 918 LXIII.
801 832 903 912 Rex
929 831 1062 913 vadit
1088 837 1250 914 contra
1276 831 1496 912 Rutenos.

512 1080 609 1163 Post
639 1079 718 1160 hec
749 1093 890 1162 autem
923 1108 998 1162 rex
1040 1081 1240 1187 gloriosus
1282 1080 1435 1163 inuasit.
1474 1078 1682 1178 Rusciam,
1715 1101 1761 1158 eo

357 1201 468 1308 quod
502 1202 614 1284 Kuni
646 1229 721 1309 per
757 1203 976 1285 consilium
1017 1230 1160 1284 eornm
1203 1203 1457 1309 Hungariam
1490 1201 1758 1282 intrauerunt.

357 1323 548 1432 Cumque
581 1324 783 1407 uidissent
814 1353 858 1408 se
891 1325 1041 1407 Ruteni
1074 1327 1182 1407 male
1217 1325 1400 1426 coartari,
1433 1335 1686 1430 rogauerunt
1702 1348 1762 1402 re·

358 1446 419 1551 gis
453 1447 738 1550 clerueuriam,
772 1461 813 1528 et
845 1449 1124 1556 promiserunt
1153 1449 1237 1553 regi
1281 1448 1524 1528 fidelitatem
1557 1445 1597 1525 iu
1632 1443 1762 1524 onmi-

356 1569 445 1650 bus.
483 1567 595 1664 Quos
628 1595 704 1649 rex
737 1569 946 1676 piissimus
978 1565 1197 1679 grauiter¹)
1229 1570 1425 1677 suscepit.
1457 1566 1621 1649 Deinde
1648 1565 1762 1647 irruit

354 1690 398 1771 in
430 1691 654 1798 poloniam.
694 1691 837 1772 Poloni
873 1718 974 1774 uero
1008 1707 1150 1774 contra
1182 1693 1317 1800 ipsum
1352 1691 1570 1772 uenientes
1602 1714 1761 1796 pugua-

354 1825 517 1919 neruut‚
551 1812 622 1895 sed
663 1812 837 1920 hungari
879 1815 1103 1896 adiuuante
1147 1815 1224 1896 deo
1265 1815 1482 1896 uictoriam
1515 1813 1759 1893 habuerunt.

354 1933 517 2018 Exinde
550 1934 724 2042 hungari
757 1950 937 2018 castrum
979 1937 1174 2019 Korohou
1214 1937 1346 2020 tribus
1389 1935 1604 2018 mensibus
1640 1934 1759 2014 obse·

356 2056 518 2140 derunt.
551 2057 720 2139 interim
753 2059 909 2141 obsessi
944 2071 985 2139 et
1017 2059 1254 2142 obsidentes
1287 2073 1488 2169 ceperunt
1520 2053 1758 2162 egere.Rex

355 2195 494 2261 autem
529 2195 570 2261 et
601 2181 808 2288 principes
842 2181 1059 2288 pecierunt
1090 2183 1142 2263 ab
1175 2182 1369 2264 omnibns
1401 2179 1596 2286 hungaris
1629 2177 1758 2258 noctis

354 2301 537 2408 silenem,
570 2316 618 2384 ut
649 2315 830 2410 portaret
862 2304 1151 2411 unusquisque
1184 2331 1346 2386 ocream
1382 2297 1554 2409 solam²)
1582 2301 1633 2380 de
1654 2312 1759 2380 terra

353 2423 521 2530 plenam
556 2425 664 2532 (99),
698 2427 809 2532 quod
843 2437 883 2506 et
914 2426 1071 2507 factum
1114 2439 1189 2508 est.
1236 2426 1443 2509 Fecerunt
1483 2437 1621 2506 autem
1664 2435 1758 2502 ante

355 2559 536 2628 castrum
579 2559 764 2629 montem
810 2575 1007 2653 inagnum
1051 2549 1102 2629 de
1144 2560 1251 2630 terra
1282 2549 1363 2651 illa,
1414 2573 1539 2654 quam
1581 2545 1759 2650 (desuper

355 2695 451 2749 oum
483 2670 614 2750 farina
646 2686 934 2777 coperuerunt.
967 2669 1168 2753 Videntes
1200 2683 1341 2752 autem
1373 2668 1543 2772 obsessi,
1571 2666 1757 2774 quiaob-

353 2789 535 2873 sidentes
567 2790 857 2874 habundarent
888 2792 1152 2896 uictualibus‚
1186 2807 1227 2874 et
1260 2793 1369 2900 quod
1397 2792 1469 2873 diu
1486 2804 1658 2898 possent
1672 2813 1758 2868 ma·

353 2939 452 2994 nere
484 2925 580 2995 ante
612 2927 805 3018 castrum,
839 2941 976 2995 arcem
1010 2943 1106 2997 cum
1140 2916 1344 2998 uniuersis
1377 2914 1462 3020 regi
1480 2911 1756 3011 reddiderunt,

354 3047 395 3116 et
425 3062 574 3145 pacem
606 3037 659 3117 ad
691 3037 948 3118 uoluntatem
983 3039 1089 3142 regis
1122 3038 1519 3138 ordinauerunt,seu
1551 3059 1757 3140 conposu-

353 3169 485 3240 erunt.
517 3160 575 3240 At
605 3159 701 3240 inde
732 3159 923 3240 transiuit
954 3160 996 3239 in
1028 3159 1284 3262 Bohemiarn,
1318 3172 1360 3240 et
1391 3158 1543 3240 multos
1571 3155 1757 3262 captiuos

352 3279 404 3360 de
436 3281 629 3363 Bohemis
662 3281 874 3363 duxerunt
905 3282 1077 3388 impune
1109 3283 1152 3363 iu
1194 3280 1461 3388 Hungariam.
1510 3279 1561 3359 Et
1592 3278 1652 3359 sic
1685 3303 1755 3358 rex

351 3401 712 3487 uictoriosissimus
745 3403 797 3484 ad
830 3404 995 3510 propria
1026 3404 1145 3485 rediit
1177 3432 1272 3486 cum
1306 3403 1469 3509 gaudio.

352 3663 495 3746 LXIV.
529 3661 599 3741 De
635 3660 982 3743 construoeione
1019 3661 1339 3742 waradiensis
1375 3659 1581 3759 eoeleste,
1618 3663 1667 3738 et
1702 3653 1758 3734 de

779 3807 926 3883 morte
953 3801 1081 3906 regis
1108 3800 1329 3882 Ladizlsi.

507 4013 603 4096 Post
635 4013 712 4094 hec
744 4015 785 4094 in
817 4014 1012 4121 parochia
1045 4016 1165 4097 castri
1193 4015 1609 4096 Bihorinterflumen
1628 4011 1759 4090 Keres

350 4134 393 4218 in
425 4135 654 4218 uenacione
686 4161 762 4218 sua
793 4135 953 4218 inuenit
984 4136 1135 4240 locum,
1167 4137 1240 4219 ubi
1258 4137 1443 4242 angelico
1461 4135 1758 4240 anmnitupro-

349 4259 489 4366 posuit
520 4258 769 4340 constituere
817 4258 1113 4340 monasterium
1145 4259 1188 4339 in
1221 4259 1375 4341 honore
1407 4257 1585 4363 Virginis
1617 4253 1757 4354 Marie,

351 4409 475 4488 quem
509 4381 647 4463 locum
682 4381 816 4462 Varad
858 4380 1102 4463 nominauit.
1144 4383 1201 4462 At
1239 4409 1313 4464 rex
1346 4381 1561 4462 Ladizlans
1593 4377 1635 4458 in
1669 4403 1756 4457 aru·

350 4503 480 4611 pliora
512 4529 677 4611 semper
707 4531 752 4585 se
785 4501 1028 4602 extendens,
1065 4515 1107 4584 et
1138 4505 1190 4585 de
1216 4504 1370 4587 uirtute
1387 4505 1430 4584 in
1447 4502 1645 4584 uirtutem
1662 4523 1755 4606 pro·

349 4624 504 4729 ficiens
537 4651 620 4705 non
653 4625 788 4708 solnm
821 4625 862 4704 in
894 4624 1117 4731 Hungaria‚
1150 4627 1223 4708 sed
1257 4627 1298 4707 in
1331 4624 1471 4708 omnia
1501 4649 1630 4730 regna
1650 4618 1754 4701 chri·

350 4747 566 4830 stianitatis
608 4774 683 4830 sue
724 4746 919 4855 respersit
959 4749 1174 4832 suauitatis
1211 4749 1391 4832 odorem.
1439 4745 1560 4827 Vnde
1594 4755 1753 4826 mortuo

349 4923 556 4936 .—..—--—·-

457 5007 484 5113 ¹)
511 5011 702 5105 gratanter.
732 5007 771 5080 Τ.
803 5001 830 5102 ²)
859 5029 965 5084 suam.
