3900 5762
1005 521 1160 626 -Q,

443 857 510 940 IV.
544 855 613 936 De
642 853 870 934 eleccione
904 852 1049 960 Atyle
1086 855 1213 960 regie
1248 856 1569 959 hungarorum
1597 861 1644 934 et
1670 851 1727 936 de

704 995 903 1076 viatoria
921 997 1127 1078 eiusdem
1146 996 1462 1078 monarehiali.

538 1225 633 1335 (to)
667 1228 789 1306 Anno
823 1229 875 1308 ab
895 1228 1172 1308 incarnatione
1201 1228 1356 1308 domini
1384 1225 1786 1334 quadringentesimo

382 1349 526 1455 prima,
561 1350 614 1429 ab
648 1349 832 1452 ingressu
868 1375 962 1429 rero
995 1350 1273 1455 hungarorum
1307 1351 1348 1431 in
1380 1349 1635 1430 Pannoniam
1678 1373 1786 1428 anno

382 1469 603 1552 XXVIII-o
648 1471 819 1574 hungari
862 1473 950 1553 siue
991 1472 1091 1552 huni
1134 1472 1326 1553 concordi
1366 1471 1580 1552 voluntate
1624 1469 1787 1578 Atylam

382 1592 511 1673 filium
544 1591 765 1673 Bentlelruz
799 1595 1098 1675 consuetudine
1131 1621 1394 1674 ripuariorum
1427 1619 1553 1699 super
1584 1619 1629 1674 se
1650 1619 1787 1696 regem

382 1715 654 1820 prefecerunt,
690 1715 760 1820 qui
792 1715 924 1822 primo
965 1744 1074 1798 unus
1116 1718 1166 1797 ‹le
1209 1715 1433 1823 capitaneis
1475 1715 1716 1814 habebatur,
1751 1728 1791 1792 et

382 1837 470 1943 ipse
503 1836 662 1917 Budam
696 1836 860 1916 fratrem
896 1865 1015 1918 suum
1062 1839 1112 1918 (le
1154 1838 1322 1920 llnrnine
1355 1838 1485 1946 'l'ysce
1529 1863 1662 1942 usque
1695 1833 1787 1914 Don

381 1958 609 2066 principem
646 1959 856 2040 coristituit
880 1986 928 2040 ac
946 1973 1158 2062 rectorem,
1178 1961 1398 2066 vocarique
1416 1987 1460 2040 se
1477 1959 1633 2040 faciens
1649 1984 1788 2062 regern

384 2080 661 2186 hungarorum
695 2095 853 2161 metum
888 2082 995 2163 orbis
1027 2082 1233 2188 flagellum
1269 2083 1347 2163 dei.
1390 2081 1514 2188 Atyla
1554 2080 1618 2160 dei
1662 2079 1791 2184 gratia

382 2200 491 2282 filius
524 2203 756 2304 Bendelrus,
798 2231 928 2310 nepos
971 2205 1107 2309 magni
1141 2203 1292 2310 Magor,
1334 2204 1512 2284 nutritus
1551 2203 1589 2281 in
1632 2200 1790 2306 Engadi

381 2349 455 2403 rex
489 2324 694 2405 hunorum
722 2324 937 2405 medorum
955 2341 1160 2430 gottorum
1180 2326 1380 2407 (lanarum
1400 2343 1535 2406 ructus
1558 2324 1666 2406 orbis
1683 2338 1790 2402 terre

384 2459 424 2526 et
455 2445 649 2551 flagellun
682 2446 759 2528 dei.
792 2445 890 2528 Erat
922 2450 1031 2527 enim
1066 2475 1138 2528 rex
1175 2450 1298 2556 Atyla
1334 2448 1468 2528 colore
1512 2458 1627 2546 teter,
1661 2445 1793 2524 oculis

380 2568 570 2666 furiosus,
604 2567 736 2651 elatus
769 2568 944 2671 incessu,
963 2584 1131 2678 pectore
1163 2571 1257 2671 lato,
1277 2572 1447 2652 barbam
1482 2568 1684 2676 prolixam
1719 2567 1793 2646 ‹le-

381 2690 551 2791 ferebat,
585 2716 786 2772 venereus
821 2691 943 2772 etiam
978 2707 1064 2772 errat
1095 2692 1202 2773 ultra
1235 2693 1416 2773 nmilum.
1471 2692 1516 2771 ln
1559 2689 1682 2770 archa
1714 2716 1793 2768 sua

384 2837 427 2892 es
460 2824 600 2892 tenere
633 2815 967 2920 contempnebat,
1001 2814 1171 2894 audacie
1205 2815 1371 2920 quidem
1394 2825 1634 2919 temperate.
1664 2813 1791 2892 ristu-

384 2931 566 3014 tissimus
599 2933 637 3013 in
673 2934 810 3040 preliis
843 2963 891 3015 ac
924 2935 1133 3036 sollicitus,
1152 2936 1399 3016 fortitudinis
1422 2933 1791 3041 competentissuo

385 3079 553 3162 corpore
586 3055 828 3137 habebatur.
861 3057 905 3137 ln
940 3057 1152 3138 voluntate
1186 3058 1486 3163 magnanimus,
1506 3056 1628 3137 armis
1654 3054 1792 3160 politis

384 3177 550 3258 mundis
582 3177 887 3260 thabernaculis
921 3179 1120 3286 cultuque
1153 3181 1357 3261 utebatur.
1399 3179 1630 3259 Arnabatur
1661 3175 1792 3282 siqui-

384 3299 478 3378 dem
512 3299 564 3382 ab
598 3314 797 3382 extranea
827 3300 1005 3404 natione,
1040 3327 1088 3382 eo
1122 3301 1230 3408 quod
1266 3317 1374 3382 esset
1389 3300 1568 3381 liberalis
1601 3327 1648 3378 ae
1676 3325 1793 3377 eorn-

384 3421 533 3524 munis,
568 3447 619 3501 ex
654 3436 801 3503 natura
832 3449 928 3503 vero
961 3424 1222 3504 serenitatem
1238 3419 1266 3530 ¹)
1300 3450 1424 3529 quam
1455 3421 1645 3524 habebat,
1668 3420 1794 3499 mira·

384 3543 518 3623 biliter
550 3570 573 3622 a
605 3543 689 3626 suis
731 3545 964 3626 timebatur.
1013 3544 1262 3650 linguarum
1313 3545 1489 3650 ideoque
1532 3543 1791 3623 diuersarum

384 3664 571 3747 nationes
604 3665 655 3746 de
688 3665 839 3748 linibus
873 3667 981 3748 orbis
1013 3681 1118 3746 terre
1151 3667 1201 3748 atl
1221 3694 1316 3746 enm
1345 3666 1618 3766 continebant,
1637 3663 1794 3771 quibus

383 3785 605 3867 liberaliter
638 3813 708 3894 pro
740 3814 862 3894 posse
894 3789 1104 3870 affluebat.
1136 3788 1328 3869 Habebat
1361 3789 1469 3869 enim
1504 3787 1649 3867 decem
1677 3785 1796 3865 milia

384 3935 581 3989 curruum
612 3909 867 4012 falcatorum,
902 3911 1084 3993 diuersas
1118 3911 1341 4012 urachinas,
1376 3926 1416 3990 et
1448 3909 1587 3990 onmia
1614 3909 1793 4012 ingenia,

385 4028 536 4135 quibus
569 4045 701 4112 eastra
734 4033 940 4138 urbesque
974 4033 1296 4137 confringuntur,
1316 4061 1397 4138 que
1431 4033 1469 4110 in
1504 4057 1580 4112 suo
1602 4030 1793 4111 exercitu

385 4178 527 4233 secum
561 4153 728 4234 ferebat.
765 4153 1078 4236 Thabernacula
1110 4155 1277 4261 quidem
1314 4155 1432 4236 variis
1456 4151 1586 4233 modis
1605 4152 1792 4232 diuerso-

384 4301 475 4354 rum
509 4301 727 4380 regnorum
762 4291 929 4384 operata
962 4276 1112 4358 habere
1147 4293 1431 4358 consueuerat.
1474 4273 1615 4355 Vnum
1648 4295 1794 4354 tannen

385 4395 566 4477 habebat
597 4397 655 4478 sie
689 4398 850 4480 celebre
891 4425 939 4479 ae
980 4399 1221 4504 sollempne,
1255 4411 1302 4478 ut
1342 4426 1393 4476 ex
1443 4395 1606 4476 laminis
1653 4396 1793 4478 aureis

386 4519 554 4600 mirifice
588 4519 838 4600 coniunctim
872 4521 1056 4620 solidata,
1090 4520 1211 4600 morlo
1230 4520 1334 4600 solui
1353 4531 1393 4598 et
1410 4545 1521 4599 nrrnc
1549 4517 1791 4620 reeoniungi

385 4643 692 4725 attendencium
742 4657 868 4722 staret
915 4643 1138 4724 voluntate.
1188 4641 1420 4747 Columpne
1464 4640 1552 4720 eius
1594 4666 1646 4719 ex
1687 4665 1794 4719 auro

386 4763 567 4845 laborate
601 4765 800 4846 habentes
834 4765 1055 4864 iuncturas,
1074 4791 1199 4871 opera
1231 4763 1410 4866 ductilia,
1430 4763 1468 4842 in
1490 4761 1625 4842 medio
1648 4774 1793 4843 tamen

386 4955 534 4964 u-u·-·.—-
589 4955 593 4960 .

495 5027 521 5120 ¹)
550 5021 768 5098 seueritatem
795 5025 872 5102 hab.
