3898 5752
994 447 1150 558 *ng—

368 671 552 754 otemari.
585 666 701 754 B0na
733 698 874 755 eornm
909 672 1088 756 obtinuit
1121 686 1162 754 et
1188 674 1382 781 possedit.
1400 671 1643 757 Sacerdotes
1661 671 1767 758 insu·

367 821 443 901 per
473 795 564 877 illos
596 794 775 902 perfidos
818 795 1007 900 superius
1049 797 1282 878 nominatos
1320 797 1515 879 manibus
1548 798 1769 879 cathenatis

368 928 409 996 et
448 916 625 1023 pedibus
668 915 826 998 Thorne
874 915 1141 1023 Strigoniensi
1189 918 1498 1026 archiepiscopo
1540 919 1769 1001 destinauit.

367 1035 480 1133 Quos
511 1037 623 1119 idem
656 1039 990 1146 archiepiscopus
1023 1040 1175 1120 carceri
1210 1039 1476 1146 manciparit,
1506 1055 1547 1122 et
1569 1042 1609 1120 in
1628 1042 1769 1122 eodem

367 1160 526 1242 tristem
558 1161 746 1268 spiritum
781 1161 1018 1244 emiserunt.

346 1539 348 1544 ·
411 1491 536 1574 XCV.
570 1487 796 1568 Dominus
823 1487 989 1568 Frater
1017 1484 1213 1568 Gentilis
1241 1484 1503 1569 Gordinalis
1530 1489 1658 1572 uenit
1685 1491 1733 1571 in

923 1629 1227 1733 Eungeriam.

522 1895 627 1978 Cum
669 1895 792 2003 igitur
835 1923 939 2004 puer
980 1897 1156 1980 Karolus
1200 1895 1359 2002 absque
1402 1896 1515 2000 regni
1547 1895 1701 1977 solacio
1734 1896 1773 1977 in

364 2017 577 2124 Hungaria
611 2035 849 2121 moraretur,
884 2017 1025 2100 Frater
1056 2017 1230 2100 Gentilis
1263 2017 1370 2098 tituli
1402 2019 1534 2099 sancti
1552 2017 1715 2098 Martini
1735 2020 1774 2098 in

342 2133 345 2138 ’
364 2141 575 2224 montibus
591 2142 808 2250 presbyter
820 2139 1045 2224 Cardinalis
1063 2140 1114 2222 de
1132 2139 1273 2224 ordine
1291 2139 1477 2221 Fratrum
1497 2141 1703 2224 rninorurn
1724 2169 1773 2220 ex

342 2263 580 2345 'autoritate
600 2264 753 2346 summi
765 2263 969 2370 pontificis
990 2263 1175 2371 plenaria
1192 2289 1300 2342 anno
1320 2261 1474 2341 domini
1487 2260 1774 2343 arescunt-0

362 2384 616 2467 Pannoniam
650 2386 829 2466 intrauit.
863 2383 954 2465 Vno
989 2384 1194 2492 siquidem
1229 2409 1337 2465 anrro
1370 2385 1412 2464 in
1446 2411 1550 2490 pace
1568 2399 1774 2465 transacto

362 2533 470 2588 anuo
504 2506 660 2590 domini
693 2506 946 2588 orosam-0
980 2507 1280 2588 constitucione
1309 2505 1476 2586 terribili
1500 2505 1773 2612 promulgate,

362 2630 522 2712 nobiles
562 2628 677 2735 regni
718 2628 992 2712 anathematis
1034 2630 1204 2712 uinculo
1245 2627 1471 2726 innodauit,
1519 2629 1774 2736 pauperibus

361 2777 461 2834 uero
495 2765 536 2833 et
572 2751 770 2834 diuitibus
813 2751 1019 2834 uniuersis
1061 2750 1203 2834 diuina
1245 2749 1425 2832 strictius
1465 2750 1690 2830 interdixit.
1723 2751 1773 2830 Et

362 2872 440 2954 hee
471 2874 569 2954 feeit
601 2874 679 2956 illis
712 2873 933 2976 nobilibus,
968 2873 1039 2980 qui
1072 2875 1161 2956 iura
1193 2872 1345 2978 regalia
1378 2886 1418 2951 et
1444 2872 1772 2976 reginalienole·

361 2995 463 3076 bant
492 2995 709 3079 restituere
742 2996 826 3101 regi
859 2994 1009 3077 Carulo
1043 2995 1290 3103 supradicte,
1323 2993 1466 3100 etqui
1500 3021 1597 3074 eurn
1631 3021 1770 3099 regern

361 3117 531 3200 minime
565 3117 834 3226 appellarent.
868 3117 1105 3201 Ladizlaurn
1139 3114 1501 3224 ueroVoyuodam
1534 3115 1771 3198 Transilua-

360 3268 461 3321 num
495 3240 665 3348 speciali
698 3240 1137 3320 excornrnunieacione
1169 3238 1333 3341 feriens,
1353 3264 1401 3318 eo
1430 3239 1539 3344 quod
1573 3264 1769 3319 eoronam

359 3363 484 3468 regni,
522 3389 647 3469 quarn
681 3363 733 3443 ab
767 3361 947 3443 Otthone
981 3361 1088 3444 duce
1120 3361 1218 3441 durn
1255 3387 1352 3442 eurn
1386 3359 1681 3468 captiuauerat,
1707 3388 1769 3441 re·

359 3498 537 3593 ceperat
570 3484 752 3566 indebite
785 3483 1007 3565 detinebat.
1044 3484 1095 3564 Et
1124 3482 1221 3590 quia
1253 3481 1377 3562 filiam
1411 3508 1529 3565 suam
1562 3480 1671 3562 idern
1691 3483 1769 3564 La-

359 3607 513 3690 dizlaus
545 3605 768 3688 tradiderat
799 3605 881 3686 filio
915 3605 1114 3712 Stephani
1147 3605 1253 3710 regis
1286 3603 1427 3685 Seruie
1461 3604 1693 3686 scismatico
1725 3605 1767 3684 in

358 3755 545 3810 uxorem.
597 3727 858 3835 Quapropter
897 3755 993 3808 curn
1036 3727 1184 3835 prefati
1224 3726 1384 3808 nobiles
1417 3739 1535 3807 extra
1568 3724 1769 3807 cimiteria

359 3877 530 3959 corpora
561 3849 745 3931 iaeeneia
777 3850 1064 3957 conspicerent
1102 3849 1403 3950 defunctorum,
1447 3873 1586 3928 amaro
1618 3848 1768 3954 spiritu

357 3972 597 4080 perturbati,
631 3998 739 4054 auno
772 3972 927 4053 dornini
960 3970 1192 4053 Mosen-0
1225 3971 1460 4076 congregati
1492 3971 1532 4051 io
1567 3995 1765 4077 campum

358 4093 492 4176 Racus
526 4095 633 4175 circa
664 4093 785 4175 Pesth
819 4093 1016 4176 Catulum
1049 4121 1148 4199 sepe
1181 4093 1338 4173 dictum
1357 4091 1398 4173 in
1420 4119 1557 4198 regern
1593 4118 1766 4172 coneor-

357 4218 462 4298 diter
494 4228 778 4324 susceperunt,
813 4229 853 4296 et
888 4215 1035 4297 Albani
1082 4227 1360 4322 properantes,
1401 4215 1502 4295 feria
1545 4213 1688 4320 quinta
1723 4215 1764 4295 in

357 4338 515 4421 octauis
548 4338 679 4421 sancti
711 4338 816 4443 regis
850 4336 1048 4444 Stephani
1080 4336 1364 4443 sollempniter
1396 4364 1490 4418 curn
1525 4334 1661 4416 leticia
1693 4363 1764 4416 eo-

356 4473 556 4544 ronarunt
588 4489 683 4542 curn
717 4485 833 4541 sacra
866 4485 1016 4540 corona
1049 4485 1071 4539 a
1104 4458 1292 4539 Ladizlao
1326 4457 1526 4566 Voyuoda
1559 4459 1759 4540 restituta.

358 4585 482 4665 Anno
516 4583 661 4665 eodem
695 4607 806 4689 papa
836 4579 1029 4664 Clemens
1063 4596 1245 4688 quartus,
1279 4606 1354 4686 per
1378 4580 1598 4662 cruciferos
1631 4580 1763 4662 saneti

357 4704 551 4788 Iohannis
583 4705 689 4786 inter
721 4703 972 4786 christicolas
1005 4702 1149 4785 mundi
1182 4702 1304 4784 huius
1336 4701 1656 4784 inestimabilem
1674 4701 1763 4782 the·

357 4855 523 4911 saururn
557 4827 655 4908 feeit
686 4825 885 4932 sagaciter
917 4825 1125 4932 procurari
1143 4824 1194 4905 ad
1226 4823 1463 4932 passagium
1480 4824 1672 4930 generale
1689 4849 1762 4930 pro

356 4963 463 5032 terra
495 4962 638 5033 sancta
670 4946 968 5055 expugnanda3
1001 4947 1166 5029 tradens
1199 4945 1317 5028 dictis
1340 4945 1548 5026 cruciferis
1582 4947 1761 5052 graciam
