3900 5762
1020 517 1083 589 150

350 737 594 847 Flangribns
627 735 855 821 aulicorum
888 763 1058 821 suornm
1090 735 1276 820 venitin
1311 733 1536 820 marchiam
1576 735 1757 842 Austrie,

352 863 616 947 dissimulans
649 889 693 944 sc
726 861 973 942 intraturum
1006 861 1048 941 in
1081 859 1348 967 Hungariam‚
1381 862 1581 944 simulans
1614 874 1758 944 autem

351 1013 395 1069 se
428 999 595 1094 paetum
631 984 683 1065 ab
717 983 810 1064 Aba
842 1008 936 1088 rege
970 995 1229 1086 exacturum,
1263 997 1304 1064 et
1335 1010 1613 1066 reuersurum.
1637 983 1760 1065 Tunc

349 1108 474 1216 legati.
505 1109 597 1190 Abe
629 1105 735 1211 regis
766 1104 985 1186 uenientes
1017 1105 1067 1186 ad
1102 1105 1294 1187 Cesarem
1321 1107 1566 1213 repetebant
1597 1106 1760 1214 hunga-

350 1256 416 1314 ros
449 1231 519 1338 qui
552 1229 604 1311 ad
637 1227 831 1310 Cesarem
873 1227 1073 1331 fugerant,
1118 1242 1419 1335 conquerentes
1463 1241 1504 1309 et
1543 1229 1759 1310 diceutes:

350 1352 461 1459 qnod
492 1351 572 1460 ipsi
604 1363 743 1433 essent
775 1348 978 1456 predones
1012 1363 1052 1431 et
1084 1350 1304 1433 latrunculi
1337 1349 1449 1456 regni
1476 1349 1700 1456 Hungarie‚
1719 1367 1760 1432 et

349 1475 536 1583 precipui
569 1474 800 1554 incentores
833 1497 1072 1576 guerrarum
1106 1486 1148 1553 et
1179 1472 1380 1555 discordie
1412 1473 1519 1553 inter
1550 1473 1760 1579 hungaros

350 1610 392 1679 et
424 1596 618 1679 Cesarem
651 1595 759 1702 (52),
793 1593 864 1700 qui
898 1591 1034 1674 Cesari
1069 1593 1243 1676 fideliter
1275 1593 1760 1702 obsequerenturtideo·

350 1747 432 1827 que
464 1717 702 1802 huiusmodi
733 1715 1002 1799 seminatores
1031 1715 1233 1798 discordie
1266 1717 1367 1800 tradi
1403 1731 1591 1825 oportere
1609 1718 1652 1799 in
1668 1743 1759 1798 ma-

349 1869 428 1924 nus
471 1839 564 1922 Abe
604 1839 710 1946 regis
751 1838 1044 1942 hungarorum.
1093 1839 1211 1933 lluod
1252 1839 1377 1921 Cesar
1407 1839 1522 1921 nullo
1557 1841 1679 1922 modo
1713 1867 1760 1922 se

347 1964 553 2046 facturum
588 1961 811 2070 respondit.
844 1959 1058 2042 Concitato
1091 1960 1231 2068 itaque
1245 1957 1272 2068 ¹)
1315 1961 1467 2044 inuasit
1497 1962 1602 2046 fines
1634 1961 1757 2044 Hun-

347 2087 458 2190 garie
491 2086 650 2167 intrans
689 2110 763 2191 per
805 2081 1069 2188 Supremam,
1111 2099 1152 2163 et
1184 2112 1279 2166 cum
1323 2084 1448 2166 vellet
1480 2111 1554 2192 per
1584 2084 1757 2166 Bobnth

348 2208 517 2291 llabcha
547 2206 805 2316 pertransire,
840 2202 1015 2286 fluuium
1048 2203 1218 2288 Raboha
1248 2207 1534 2313 stagnantibus
1568 2207 1687 2314 aquis
1715 2222 1759 2288 et

347 2329 602 2414 densissimis
648 2327 888 2410 nemoribus
922 2338 962 2406 et
994 2327 1313 2411 scaturientibus
1346 2328 1568 2437 paludibus
1601 2329 1757 2437 imper·

349 2451 572 2534 meabilem
604 2451 776 2532 transire
808 2474 893 2529 non
925 2448 1071 2554 potnit.
1103 2448 1289 2556 Hungari
1321 2477 1416 2556 ergo
1434 2451 1506 2558 qui
1524 2464 1641 2533 erant
1658 2479 1756 2534 cum

348 2573 498 2658 Cesare
532 2586 573 2655 et
604 2572 722 2654 Petro
755 2598 850 2676 rege
884 2569 1095 2651 duxerunt
1128 2573 1356 2656 exercitum
1390 2586 1476 2654 tota
1497 2586 1618 2655 nocte
1636 2574 1757 2681 equi·

349 2710 483 2780 tantes
531 2723 694 2778 sursum
739 2694 857 2777 iuxta
897 2693 1045 2774 tlunios
1089 2692 1203 2776 llaba
1236 2707 1277 2776 et
1308 2695 1488 2798 Rabcha,
1523 2722 1628 2804 quos
1660 2695 1759 2779 illu·

352 2830 543 2902 cescente
575 2817 661 2900 sole
693 2817 802 2898 facili
834 2814 939 2897 vado
957 2816 1218 2898 transierunt.
1242 2816 1429 2900 Occurrit
1446 2830 1586 2900 antem
1606 2817 1642 2900 ei
1660 2818 1757 2901 Aba

347 2967 423 3022 rex
455 2941 495 3022 in
530 2939 706 3021 llenleu
743 2939 861 3020 iuxta
895 2935 1115 3020 daurinnm
1156 2967 1252 3021 cnm
1294 2967 1446 3046 magua
1485 2940 1754 3022 multitudine

346 3081 610 3162 armatorum,
652 3061 827 3142 nimium
869 3085 1114 3167 presumens
1155 3061 1207 3143 de
1247 3062 1430 3167 uictoria,
1474 3063 1572 3170 quia
1603 3063 1756 3145 Banari

347 3185 515 3293 quidam
550 3186 842 3266 intimauerant
874 3181 911 3262 ei
944 3181 1055 3288 quod
1090 3181 1215 3266 Cesar
1231 3213 1328 3266 eum
1350 3185 1494 3292 paucis
1511 3212 1638 3293 super
1655 3213 1756 3268 eum

345 3307 518 3391 ueniret.
567 3307 619 3388 Et
649 3318 697 3387 ut
729 3305 877 3386 dicitnr
918 3303 1011 3384 Aba
1052 3329 1125 3384 rex
1158 3306 1372 3388 uictoriam
1417 3307 1640 3412 habuisset,
1676 3307 1756 3390 nisi

347 3431 444 3538 quia
476 3429 649 3536 hungari
683 3427 850 3535 quidam
884 3424 1113 3508 amiciciam
1148 3427 1267 3510 Petro
1300 3431 1384 3534 regi
1406 3443 1667 3514 reseruantes
1684 3457 1755 3514 su·

344 3579 420 3661 per
450 3565 601 3634 terram
633 3576 710 3632 sua
741 3549 895 3630 vexilla
936 3547 1207 3655 proiecissent
1243 3565 1283 3632 ot
1314 3551 1526 3658 fugissent.
1569 3552 1758 3636 Tradunt

346 3688 485 3756 autem
518 3671 729 3772 teutonici,
763 3671 874 3779 quod
908 3697 1004 3752 cum
1037 3670 1088 3752 ad
1121 3673 1297 3779 prelium
1331 3675 1748 3783 appropinquassent,

347 3823 443 3877 cum
477 3796 619 3878 celesti
651 3795 766 3900 signo
800 3792 955 3874 nebula
986 3793 1122 3876 tenuis
1156 3795 1359 3902 apparuit,
1392 3798 1599 3904 turboque
1626 3796 1753 3878 vehe-

345 3943 464 4000 mens
497 3917 695 4000 dininitus
731 3915 924 3996 incitatus
956 3914 1178 3996 terribilem
1214 3917 1430 4025 puluerem
1458 3919 1672 4003 obtutibus
1688 3918 1752 4000 in·

344 4040 471 4146 gessit
501 4066 765 4146 ungarorum,
809 4063 913 4145 qnos
955 4035 1035 4118 ianr
1079 4037 1238 4143 pridem
1272 4055 1320 4121 ut
1356 4039 1514 4145 dicitur,
1548 4041 1647 4148 quia
1677 4041 1752 4124 Pe-

344 4175 453 4244 trum
487 4189 609 4245 suum
652 4187 791 4266 regem
835 4158 1226 4262 dehonestauernnt,
1267 4161 1460 4246 dominns
1501 4163 1752 4272 apostolicus

344 4284 609 4367 anathemate
641 4283 943 4392 dampnauerat
973 4278 1170 4364 feriendo
1204 4283 1436 4368 Commisso
1468 4285 1591 4391 igitur
1622 4285 1751 4393 prelio

343 4406 452 4488 inter
482 4421 707 4514 ntnrnrqne
741 4405 813 4487 diu
845 4416 887 4484 et
918 4401 1067 4484 acriter
1095 4417 1328 4511 pugnatum
1362 4419 1436 4510 est,
1475 4407 1549 4489 sed
1581 4409 1750 4490 tandem

345 4529 471 4612 Cesar
502 4529 643 4611 diuino
674 4530 804 4610 fretus
837 4523 993 4608 auxilio
1025 4525 1190 4607 felicem
1208 4528 1386 4610 obtinuit
1403 4529 1631 4613 uictoriam.
1657 4531 1750 4612 Aba

344 4678 444 4734 uero
476 4679 551 4733 rex
583 4650 775 4732 deuictus
807 4647 913 4754 fugit
943 4673 1090 4729 uersus
1121 4647 1311 4758 'lysciam
1346 4663 1387 4732 et
1419 4652 1497 4760 (in)
1530 4652 1630 4736 uilla
1648 4679 1749 4760 qua·

344 4773 440 4856 dam
472 4775 515 4855 in
546 4767 739 4880 seoobe²)
773 4768 904 4854 ueteri
936 4769 988 4849 ab
1021 4769 1227 4878 hungaris
1247 4774 1399 4882 quibus
1411 4801 1588 4883 regnans
1620 4801 1749 4858 nocu-

344 4963 550 4973 ---

454 5027 480 5135 ¹)
509 5054 622 5110 cursu.
652 5031 728 5108 add.
757 5032 797 5106 Τ.
827 5033 854 5124 ⁸)
885 5029 1017 5102 scrobe.
