<?xml version="1.0" encoding="UTF-8"?>
<!DOCTYPE html PUBLIC "-//W3C//DTD XHTML 1.0 Transitional//EN"
    "http://www.w3.org/TR/xhtml1/DTD/xhtml1-transitional.dtd">
<html xmlns="http://www.w3.org/1999/xhtml" xml:lang="en" lang="en">
 <head>
  <title>
</title>
<meta http-equiv="Content-Type" content="text/html;charset=utf-8" />
  <meta name='ocr-system' content='tesseract 3.04.00' />
  <meta name='ocr-capabilities' content='ocr_page ocr_carea ocr_par ocr_line ocrx_word'/>
</head>
<body>
  <div class='ocr_page' id='page_1' title='image "./chronicahungaro00florgoog_0112.png"; bbox 0 0 3900 5762; ppageno 0'>
   <div class='ocr_carea' id='block_1_1' title="bbox 184 689 1595 1291">
    <p class='ocr_par' dir='ltr' id='par_1_1' title="bbox 184 689 1595 1291">
     <span class='ocr_line' id='line_1_1' title="bbox 188 689 1595 802; baseline 0.002 -31"><span class='ocrx_word' id='word_1_1' title='bbox 188 689 447 772; x_wconf 76' lang='lat' dir='ltr'>temerariam</span> <span class='ocrx_word' id='word_1_2' title='bbox 482 703 624 773; x_wconf 88' lang='lat' dir='ltr'>contra</span> <span class='ocrx_word' id='word_1_3' title='bbox 654 703 814 799; x_wconf 89' lang='lat' dir='ltr'>patrem</span> <span class='ocrx_word' id='word_1_4' title='bbox 848 705 890 772; x_wconf 89' lang='lat' dir='ltr'>et</span> <span class='ocrx_word' id='word_1_5' title='bbox 920 691 1057 799; x_wconf 88' lang='lat' dir='ltr'>ipsum</span> <span class='ocrx_word' id='word_1_6' title='bbox 1090 705 1390 800; x_wconf 80' lang='lat' dir='ltr'>attemptatam,</span> <span class='ocrx_word' id='word_1_7' title='bbox 1409 719 1456 775; x_wconf 89' lang='lat' dir='ltr'>eo</span> <span class='ocrx_word' id='word_1_8' title='bbox 1483 691 1595 802; x_wconf 90' lang='lat' dir='ltr'>quod</span> 
     </span>
     <span class='ocr_line' id='line_1_2' title="bbox 188 813 1595 924; baseline 0.004 -32"><span class='ocrx_word' id='word_1_9' title='bbox 188 826 306 894; x_wconf 88' lang='lat' dir='ltr'>tener</span> <span class='ocrx_word' id='word_1_10' title='bbox 353 826 463 896; x_wconf 88' lang='lat' dir='ltr'>esset</span> <span class='ocrx_word' id='word_1_11' title='bbox 508 814 663 897; x_wconf 88' lang='lat' dir='ltr'>viribus</span> <span class='ocrx_word' id='word_1_12' title='bbox 711 813 891 921; x_wconf 89' lang='lat' dir='ltr'>corporis</span> <span class='ocrx_word' id='word_1_13' title='bbox 940 827 981 894; x_wconf 91' lang='lat' dir='ltr'>et</span> <span class='ocrx_word' id='word_1_14' title='bbox 1013 826 1133 919; x_wconf 87' lang='lat' dir='ltr'>etate,</span> <span class='ocrx_word' id='word_1_15' title='bbox 1181 815 1368 924; x_wconf 90' lang='lat' dir='ltr'>petitioni</span> <span class='ocrx_word' id='word_1_16' title='bbox 1399 815 1595 923; x_wconf 84' lang='lat' dir='ltr'>principis</span> 
     </span>
     <span class='ocr_line' id='line_1_3' title="bbox 187 932 1595 1046; baseline 0.003 -30"><span class='ocrx_word' id='word_1_17' title='bbox 187 934 435 1018; x_wconf 79' lang='lat' dir='ltr'>Alamannia</span> <span class='ocrx_word' id='word_1_18' title='bbox 483 935 786 1019; x_wconf 87' lang='lat' dir='ltr'>satisfacturum</span> <span class='ocrx_word' id='word_1_19' title='bbox 821 964 865 1019; x_wconf 89' lang='lat' dir='ltr'>se</span> <span class='ocrx_word' id='word_1_20' title='bbox 898 936 1111 1044; x_wconf 84' lang='lat' dir='ltr'><strong>disposuit.</strong></span> <span class='ocrx_word' id='word_1_21' title='bbox 1143 936 1341 1044; x_wconf 82' lang='lat' dir='ltr'><strong>Egressus</strong></span> <span class='ocrx_word' id='word_1_22' title='bbox 1374 964 1468 1044; x_wconf 88' lang='lat' dir='ltr'>ergo</span> <span class='ocrx_word' id='word_1_23' title='bbox 1480 932 1510 1046; x_wconf 85' lang='lat'>¹)</span> <span class='ocrx_word' id='word_1_24' title='bbox 1544 939 1595 1020; x_wconf 90' lang='lat' dir='ltr'>de</span> 
     </span>
     <span class='ocr_line' id='line_1_4' title="bbox 189 1056 1593 1166; baseline 0.003 -30"><span class='ocrx_word' id='word_1_25' title='bbox 189 1057 361 1140; x_wconf 75' lang='lat' dir='ltr'><strong>Albensi</strong></span> <span class='ocrx_word' id='word_1_26' title='bbox 396 1058 562 1138; x_wconf 87' lang='lat' dir='ltr'>ciuitate</span> <span class='ocrx_word' id='word_1_27' title='bbox 595 1060 710 1140; x_wconf 87' lang='lat' dir='ltr'>velut</span> <span class='ocrx_word' id='word_1_28' title='bbox 741 1056 881 1140; x_wconf 88' lang='lat' dir='ltr'>Martis</span> <span class='ocrx_word' id='word_1_29' title='bbox 913 1058 1022 1141; x_wconf 90' lang='lat' dir='ltr'>filius</span> <span class='ocrx_word' id='word_1_30' title='bbox 1055 1061 1172 1142; x_wconf 88' lang='lat' dir='ltr'>cuius</span> <span class='ocrx_word' id='word_1_31' title='bbox 1215 1060 1384 1166; x_wconf 90' lang='lat' dir='ltr'>quidem</span> <span class='ocrx_word' id='word_1_32' title='bbox 1417 1061 1593 1143; x_wconf 88' lang='lat' dir='ltr'>constel-</span> 
     </span>
     <span class='ocr_line' id='line_1_5' title="bbox 184 1174 1593 1291; baseline 0.003 -32"><span class='ocrx_word' id='word_1_33' title='bbox 184 1179 284 1260; x_wconf 87' lang='lat' dir='ltr'>latio</span> <span class='ocrx_word' id='word_1_34' title='bbox 318 1180 576 1286; x_wconf 83' lang='lat' dir='ltr'>conceptioni</span> <span class='ocrx_word' id='word_1_35' title='bbox 610 1181 897 1288; x_wconf 89' lang='lat' dir='ltr'>natiuitatique</span> <span class='ocrx_word' id='word_1_36' title='bbox 908 1174 938 1291; x_wconf 82' lang='lat'>²)</span> <span class='ocrx_word' id='word_1_37' title='bbox 971 1181 1059 1264; x_wconf 89' lang='lat' dir='ltr'>eius</span> <span class='ocrx_word' id='word_1_38' title='bbox 1092 1182 1158 1263; x_wconf 90' lang='lat' dir='ltr'>die</span> <span class='ocrx_word' id='word_1_39' title='bbox 1190 1183 1232 1262; x_wconf 92' lang='lat' dir='ltr'>in</span> <span class='ocrx_word' id='word_1_40' title='bbox 1264 1182 1450 1285; x_wconf 87' lang='lat' dir='ltr'>audacia,</span> <span class='ocrx_word' id='word_1_41' title='bbox 1468 1195 1593 1263; x_wconf 91' lang='lat' dir='ltr'>etce-</span> 
     </span>
    </p>
   </div>
   <div class='ocr_carea' id='block_1_2' title="bbox 172 1301 1596 4710">
    <p class='ocr_par' dir='ltr' id='par_1_2' title="bbox 172 1301 1596 4710">
     <span class='ocr_line' id='line_1_6' title="bbox 184 1301 1593 1386; baseline 0.004 -6"><span class='ocrx_word' id='word_1_42' title='bbox 184 1301 282 1384; x_wconf 90' lang='lat' dir='ltr'>teris</span> <span class='ocrx_word' id='word_1_43' title='bbox 316 1302 536 1385; x_wconf 82' lang='lat' dir='ltr'>virtutibus</span> <span class='ocrx_word' id='word_1_44' title='bbox 568 1304 825 1385; x_wconf 89' lang='lat' dir='ltr'>naturalibus</span> <span class='ocrx_word' id='word_1_45' title='bbox 872 1303 956 1383; x_wconf 86' lang='lat' dir='ltr'>rim</span> <span class='ocrx_word' id='word_1_46' title='bbox 1006 1317 1046 1384; x_wconf 88' lang='lat' dir='ltr'>et</span> <span class='ocrx_word' id='word_1_47' title='bbox 1086 1305 1388 1386; x_wconf 88' lang='lat' dir='ltr'>incrementum</span> <span class='ocrx_word' id='word_1_48' title='bbox 1436 1305 1593 1386; x_wconf 92' lang='lat' dir='ltr'>submi-</span> 
     </span>
     <span class='ocr_line' id='line_1_7' title="bbox 183 1419 1592 1534; baseline 0.004 -32"><span class='ocrx_word' id='word_1_49' title='bbox 183 1419 386 1530; x_wconf 75' lang='lat' dir='ltr'>nistrat,³)</span> <span class='ocrx_word' id='word_1_50' title='bbox 419 1424 460 1504; x_wconf 92' lang='lat' dir='ltr'>in</span> <span class='ocrx_word' id='word_1_51' title='bbox 493 1424 643 1506; x_wconf 80' lang='lat' dir='ltr'>virtute</span> <span class='ocrx_word' id='word_1_52' title='bbox 676 1425 876 1508; x_wconf 80' lang='lat' dir='ltr'>Altissimi</span> <span class='ocrx_word' id='word_1_53' title='bbox 910 1439 950 1506; x_wconf 88' lang='lat' dir='ltr'>et</span> <span class='ocrx_word' id='word_1_54' title='bbox 981 1452 1229 1534; x_wconf 92' lang='lat' dir='ltr'>proauorum</span> <span class='ocrx_word' id='word_1_55' title='bbox 1268 1452 1451 1528; x_wconf 89' lang='lat' dir='ltr'>suorum,</span> <span class='ocrx_word' id='word_1_56' title='bbox 1484 1427 1592 1509; x_wconf 89' lang='lat' dir='ltr'>scili-</span> 
     </span>
     <span class='ocr_line' id='line_1_8' title="bbox 184 1539 1595 1654; baseline 0.004 -29"><span class='ocrx_word' id='word_1_57' title='bbox 184 1539 293 1652; x_wconf 83' lang='lat' dir='ltr'>cet⁴)</span> <span class='ocrx_word' id='word_1_58' title='bbox 327 1543 409 1652; x_wconf 79' lang='lat' dir='ltr'><strong>S.⁵)</strong></span> <span class='ocrx_word' id='word_1_59' title='bbox 443 1545 639 1654; x_wconf 81' lang='lat' dir='ltr'>Stephani</span> <span class='ocrx_word' id='word_1_60' title='bbox 671 1548 847 1628; x_wconf 85' lang='lat' dir='ltr'>Emerici</span> <span class='ocrx_word' id='word_1_61' title='bbox 880 1560 1004 1654; x_wconf 91' lang='lat' dir='ltr'>atque</span> <span class='ocrx_word' id='word_1_62' title='bbox 1038 1549 1215 1630; x_wconf 80' lang='lat' dir='ltr'>ladislai</span> <span class='ocrx_word' id='word_1_63' title='bbox 1235 1573 1595 1654; x_wconf 85' lang='lat' dir='ltr'>regum,aosanc·</span> 
     </span>
     <span class='ocr_line' id='line_1_9' title="bbox 183 1669 1594 1778; baseline 0.004 -31"><span class='ocrx_word' id='word_1_64' title='bbox 183 1683 321 1749; x_wconf 88' lang='lat' dir='ltr'>torum</span> <span class='ocrx_word' id='word_1_65' title='bbox 374 1669 521 1750; x_wconf 75' lang='lat' dir='ltr'>uotiuis</span> <span class='ocrx_word' id='word_1_66' title='bbox 568 1696 825 1776; x_wconf 85' lang='lat' dir='ltr'>presumens,</span> <span class='ocrx_word' id='word_1_67' title='bbox 874 1670 1170 1778; x_wconf 87' lang='lat' dir='ltr'>confidensque</span> <span class='ocrx_word' id='word_1_68' title='bbox 1211 1670 1424 1776; x_wconf 83' lang='lat' dir='ltr'>suffragiis,</span> <span class='ocrx_word' id='word_1_69' title='bbox 1458 1687 1594 1752; x_wconf 89' lang='lat' dir='ltr'>erecto</span> 
     </span>
     <span class='ocr_line' id='line_1_10' title="bbox 184 1791 1596 1898; baseline 0.002 -27"><span class='ocrx_word' id='word_1_70' title='bbox 184 1791 355 1871; x_wconf 90' lang='lat' dir='ltr'>bauerio</span> <span class='ocrx_word' id='word_1_71' title='bbox 388 1791 498 1894; x_wconf 84' lang='lat' dir='ltr'>regie</span> <span class='ocrx_word' id='word_1_72' title='bbox 536 1792 760 1874; x_wconf 88' lang='lat' dir='ltr'>maiestatis</span> <span class='ocrx_word' id='word_1_73' title='bbox 808 1791 1072 1898; x_wconf 81' lang='lat' dir='ltr'>lludolphum</span> <span class='ocrx_word' id='word_1_74' title='bbox 1106 1793 1146 1873; x_wconf 91' lang='lat' dir='ltr'>iu</span> <span class='ocrx_word' id='word_1_75' title='bbox 1180 1792 1346 1874; x_wconf 89' lang='lat' dir='ltr'>Marhec</span> <span class='ocrx_word' id='word_1_76' title='bbox 1379 1793 1596 1875; x_wconf 82' lang='lat' dir='ltr'>coniunxit</span> 
     </span>
     <span class='ocr_line' id='line_1_11' title="bbox 184 1913 1595 2021; baseline 0.002 -29"><span class='ocrx_word' id='word_1_77' title='bbox 184 1939 282 1994; x_wconf 90' lang='lat' dir='ltr'>cum</span> <span class='ocrx_word' id='word_1_78' title='bbox 317 1913 515 2014; x_wconf 86' lang='lat' dir='ltr'>exercitu,</span> <span class='ocrx_word' id='word_1_79' title='bbox 550 1915 620 2020; x_wconf 88' lang='lat' dir='ltr'>qui</span> <span class='ocrx_word' id='word_1_80' title='bbox 654 1914 783 2021; x_wconf 88' lang='lat' dir='ltr'>ipsius</span> <span class='ocrx_word' id='word_1_81' title='bbox 816 1914 1044 1996; x_wconf 88' lang='lat' dir='ltr'>aduentum</span> <span class='ocrx_word' id='word_1_82' title='bbox 1077 1927 1118 1995; x_wconf 90' lang='lat' dir='ltr'>et</span> <span class='ocrx_word' id='word_1_83' title='bbox 1149 1915 1354 1998; x_wconf 83' lang='lat' dir='ltr'>auxilium</span> <span class='ocrx_word' id='word_1_84' title='bbox 1386 1914 1493 1996; x_wconf 90' lang='lat' dir='ltr'>sicut</span> <span class='ocrx_word' id='word_1_85' title='bbox 1516 1913 1595 1996; x_wconf 88' lang='lat' dir='ltr'>Dei</span> 
     </span>
     <span class='ocr_line' id='line_1_12' title="bbox 181 2029 1594 2144; baseline 0.004 -30"><span class='ocrx_word' id='word_1_86' title='bbox 181 2029 464 2143; x_wconf 84' lang='lat' dir='ltr'>exoptabat.⁶)</span> <span class='ocrx_word' id='word_1_87' title='bbox 497 2032 576 2116; x_wconf 86' lang='lat' dir='ltr'>Sed</span> <span class='ocrx_word' id='word_1_88' title='bbox 612 2035 806 2142; x_wconf 91' lang='lat' dir='ltr'>quoniam</span> <span class='ocrx_word' id='word_1_89' title='bbox 840 2063 940 2141; x_wconf 87' lang='lat' dir='ltr'>gens</span> <span class='ocrx_word' id='word_1_90' title='bbox 974 2037 1179 2144; x_wconf 87' lang='lat' dir='ltr'>Rudolplri</span> <span class='ocrx_word' id='word_1_91' title='bbox 1219 2037 1260 2118; x_wconf 94' lang='lat' dir='ltr'>in</span> <span class='ocrx_word' id='word_1_92' title='bbox 1310 2050 1426 2118; x_wconf 91' lang='lat' dir='ltr'>motu</span> <span class='ocrx_word' id='word_1_93' title='bbox 1457 2039 1594 2143; x_wconf 86' lang='lat' dir='ltr'>grauis</span> 
     </span>
     <span class='ocr_line' id='line_1_13' title="bbox 181 2159 1592 2265; baseline 0.006 -29"><span class='ocrx_word' id='word_1_94' title='bbox 181 2173 269 2238; x_wconf 89' lang='lat' dir='ltr'>erat</span> <span class='ocrx_word' id='word_1_95' title='bbox 303 2171 471 2264; x_wconf 91' lang='lat' dir='ltr'>propter</span> <span class='ocrx_word' id='word_1_96' title='bbox 502 2183 614 2238; x_wconf 88' lang='lat' dir='ltr'>arma</span> <span class='ocrx_word' id='word_1_97' title='bbox 661 2159 860 2264; x_wconf 89' lang='lat' dir='ltr'>grauiora,</span> <span class='ocrx_word' id='word_1_98' title='bbox 910 2159 1117 2265; x_wconf 91' lang='lat' dir='ltr'>nimisque</span> <span class='ocrx_word' id='word_1_99' title='bbox 1165 2160 1355 2241; x_wconf 88' lang='lat' dir='ltr'>timorata</span> <span class='ocrx_word' id='word_1_100' title='bbox 1387 2159 1438 2240; x_wconf 89' lang='lat' dir='ltr'>ad</span> <span class='ocrx_word' id='word_1_101' title='bbox 1471 2160 1592 2244; x_wconf 91' lang='lat' dir='ltr'>resis-</span> 
     </span>
     <span class='ocr_line' id='line_1_14' title="bbox 180 2277 1593 2384; baseline 0.004 -26"><span class='ocrx_word' id='word_1_102' title='bbox 180 2277 356 2360; x_wconf 90' lang='lat' dir='ltr'>tendum</span> <span class='ocrx_word' id='word_1_103' title='bbox 406 2293 491 2360; x_wconf 91' lang='lat' dir='ltr'>tam</span> <span class='ocrx_word' id='word_1_104' title='bbox 539 2280 672 2361; x_wconf 83' lang='lat' dir='ltr'>valide</span> <span class='ocrx_word' id='word_1_105' title='bbox 720 2281 986 2384; x_wconf 88' lang='lat' dir='ltr'>multitudini,</span> <span class='ocrx_word' id='word_1_106' title='bbox 1034 2293 1080 2362; x_wconf 90' lang='lat' dir='ltr'>ut</span> <span class='ocrx_word' id='word_1_107' title='bbox 1128 2279 1328 2363; x_wconf 88' lang='lat' dir='ltr'>Otacarus</span> <span class='ocrx_word' id='word_1_108' title='bbox 1361 2282 1593 2364; x_wconf 85' lang='lat' dir='ltr'>conducere</span> 
     </span>
     <span class='ocr_line' id='line_1_15' title="bbox 179 2400 1592 2509; baseline 0.004 -29"><span class='ocrx_word' id='word_1_109' title='bbox 179 2400 404 2504; x_wconf 75' lang='lat' dir='ltr'>terebatur,</span> <span class='ocrx_word' id='word_1_110' title='bbox 454 2429 527 2509; x_wconf 91' lang='lat' dir='ltr'>pro</span> <span class='ocrx_word' id='word_1_111' title='bbox 576 2427 624 2483; x_wconf 76' lang='lat' dir='ltr'>etr</span> <span class='ocrx_word' id='word_1_112' title='bbox 675 2417 816 2484; x_wconf 84' lang='lat' dir='ltr'>contra</span> <span class='ocrx_word' id='word_1_113' title='bbox 858 2403 915 2484; x_wconf 89' lang='lat' dir='ltr'>ire</span> <span class='ocrx_word' id='word_1_114' title='bbox 949 2417 990 2484; x_wconf 91' lang='lat' dir='ltr'>et</span> <span class='ocrx_word' id='word_1_115' title='bbox 1021 2403 1180 2485; x_wconf 89' lang='lat' dir='ltr'>moueri</span> <span class='ocrx_word' id='word_1_116' title='bbox 1212 2403 1440 2486; x_wconf 86' lang='lat' dir='ltr'>dubitabat.</span> <span class='ocrx_word' id='word_1_117' title='bbox 1502 2403 1592 2486; x_wconf 88' lang='lat' dir='ltr'>Hoc</span> 
     </span>
     <span class='ocr_line' id='line_1_16' title="bbox 179 2523 1592 2634; baseline 0.004 -32"><span class='ocrx_word' id='word_1_118' title='bbox 179 2537 322 2604; x_wconf 88' lang='lat' dir='ltr'>autem</span> <span class='ocrx_word' id='word_1_119' title='bbox 355 2523 543 2605; x_wconf 90' lang='lat' dir='ltr'>Ladislao</span> <span class='ocrx_word' id='word_1_120' title='bbox 562 2551 655 2630; x_wconf 90' lang='lat' dir='ltr'>rege</span> <span class='ocrx_word' id='word_1_121' title='bbox 688 2525 775 2607; x_wconf 84' lang='lat' dir='ltr'>viso</span> <span class='ocrx_word' id='word_1_122' title='bbox 811 2539 852 2606; x_wconf 90' lang='lat' dir='ltr'>et</span> <span class='ocrx_word' id='word_1_123' title='bbox 884 2538 1092 2634; x_wconf 89' lang='lat' dir='ltr'>percepto,</span> <span class='ocrx_word' id='word_1_124' title='bbox 1121 2524 1296 2607; x_wconf 89' lang='lat' dir='ltr'>Otaoaro</span> <span class='ocrx_word' id='word_1_125' title='bbox 1329 2525 1380 2606; x_wconf 91' lang='lat' dir='ltr'>ad</span> <span class='ocrx_word' id='word_1_126' title='bbox 1413 2527 1592 2633; x_wconf 89' lang='lat' dir='ltr'>prelium</span> 
     </span>
     <span class='ocr_line' id='line_1_17' title="bbox 179 2645 1591 2756; baseline 0.006 -34"><span class='ocrx_word' id='word_1_127' title='bbox 179 2647 416 2752; x_wconf 87' lang='lat' dir='ltr'>properanti</span> <span class='ocrx_word' id='word_1_128' title='bbox 467 2672 514 2726; x_wconf 90' lang='lat' dir='ltr'>ac</span> <span class='ocrx_word' id='word_1_129' title='bbox 548 2661 688 2753; x_wconf 88' lang='lat' dir='ltr'>parato</span> <span class='ocrx_word' id='word_1_130' title='bbox 722 2647 830 2728; x_wconf 88' lang='lat' dir='ltr'>eirca</span> <span class='ocrx_word' id='word_1_131' title='bbox 863 2661 1042 2730; x_wconf 87' lang='lat' dir='ltr'>castrum</span> <span class='ocrx_word' id='word_1_132' title='bbox 1076 2645 1227 2728; x_wconf 84' lang='lat' dir='ltr'>Stilfrid</span> <span class='ocrx_word' id='word_1_133' title='bbox 1254 2675 1384 2756; x_wconf 90' lang='lat' dir='ltr'>prope</span> <span class='ocrx_word' id='word_1_134' title='bbox 1415 2647 1591 2731; x_wconf 90' lang='lat' dir='ltr'>fluuium</span> 
     </span>
     <span class='ocr_line' id='line_1_18' title="bbox 181 2765 1589 2876; baseline 0.005 -29"><span class='ocrx_word' id='word_1_135' title='bbox 181 2765 359 2848; x_wconf 81' lang='lat' dir='ltr'>‚llorowe</span> <span class='ocrx_word' id='word_1_136' title='bbox 392 2767 707 2876; x_wconf 85' lang='lat' dir='ltr'>adpropinquat,</span> <span class='ocrx_word' id='word_1_137' title='bbox 756 2769 996 2851; x_wconf 90' lang='lat' dir='ltr'>Boemicum</span> <span class='ocrx_word' id='word_1_138' title='bbox 1047 2769 1278 2851; x_wconf 82' lang='lat' dir='ltr'>exercitum</span> <span class='ocrx_word' id='word_1_139' title='bbox 1316 2771 1589 2854; x_wconf 88' lang='lat' dir='ltr'>conuallando</span> 
     </span>
     <span class='ocr_line' id='line_1_19' title="bbox 177 2889 1589 3002; baseline 0.004 -34"><span class='ocrx_word' id='word_1_140' title='bbox 177 2889 519 2998; x_wconf 85' lang='lat' dir='ltr'>circumquaque.</span> <span class='ocrx_word' id='word_1_141' title='bbox 553 2889 737 2986; x_wconf 85' lang='lat' dir='ltr'>Quorum</span> <span class='ocrx_word' id='word_1_142' title='bbox 771 2891 938 2998; x_wconf 89' lang='lat' dir='ltr'>quidem</span> <span class='ocrx_word' id='word_1_143' title='bbox 975 2917 1106 2999; x_wconf 89' lang='lat' dir='ltr'>equos</span> <span class='ocrx_word' id='word_1_144' title='bbox 1139 2906 1181 2973; x_wconf 89' lang='lat' dir='ltr'>et</span> <span class='ocrx_word' id='word_1_145' title='bbox 1212 2893 1336 2973; x_wconf 90' lang='lat' dir='ltr'>etiam</span> <span class='ocrx_word' id='word_1_146' title='bbox 1369 2905 1502 2974; x_wconf 89' lang='lat' dir='ltr'>semet</span> <span class='ocrx_word' id='word_1_147' title='bbox 1526 2892 1589 3002; x_wconf 92' lang='lat' dir='ltr'>ip·</span> 
     </span>
     <span class='ocr_line' id='line_1_20' title="bbox 176 3011 1588 3119; baseline 0.004 -27"><span class='ocrx_word' id='word_1_148' title='bbox 176 3037 243 3094; x_wconf 89' lang='lat' dir='ltr'>sos</span> <span class='ocrx_word' id='word_1_149' title='bbox 278 3011 434 3117; x_wconf 83' lang='lat' dir='ltr'>sagittis</span> <span class='ocrx_word' id='word_1_150' title='bbox 467 3012 651 3118; x_wconf 90' lang='lat' dir='ltr'>Hungari</span> <span class='ocrx_word' id='word_1_151' title='bbox 686 3028 726 3095; x_wconf 90' lang='lat' dir='ltr'>et</span> <span class='ocrx_word' id='word_1_152' title='bbox 760 3012 931 3095; x_wconf 87' lang='lat' dir='ltr'>Comani</span> <span class='ocrx_word' id='word_1_153' title='bbox 968 3015 1073 3119; x_wconf 87' lang='lat' dir='ltr'>regis</span> <span class='ocrx_word' id='word_1_154' title='bbox 1114 3014 1173 3096; x_wconf 85' lang='lat' dir='ltr'>sic</span> <span class='ocrx_word' id='word_1_155' title='bbox 1212 3014 1410 3096; x_wconf 87' lang='lat' dir='ltr'>infestant</span> <span class='ocrx_word' id='word_1_156' title='bbox 1441 3015 1588 3097; x_wconf 89' lang='lat' dir='ltr'>vulne·</span> 
     </span>
     <span class='ocr_line' id='line_1_21' title="bbox 175 3133 1586 3244; baseline 0.004 -31"><span class='ocrx_word' id='word_1_157' title='bbox 175 3133 318 3236; x_wconf 87' lang='lat' dir='ltr'>raudo,</span> <span class='ocrx_word' id='word_1_158' title='bbox 353 3135 461 3240; x_wconf 90' lang='lat' dir='ltr'>quod</span> <span class='ocrx_word' id='word_1_159' title='bbox 496 3133 612 3216; x_wconf 90' lang='lat' dir='ltr'>Milot</span> <span class='ocrx_word' id='word_1_160' title='bbox 644 3135 786 3217; x_wconf 88' lang='lat' dir='ltr'>militie</span> <span class='ocrx_word' id='word_1_161' title='bbox 820 3163 894 3218; x_wconf 92' lang='lat' dir='ltr'>sue</span> <span class='ocrx_word' id='word_1_162' title='bbox 926 3135 1131 3244; x_wconf 86' lang='lat' dir='ltr'>princeps,</span> <span class='ocrx_word' id='word_1_163' title='bbox 1165 3136 1206 3216; x_wconf 92' lang='lat' dir='ltr'>in</span> <span class='ocrx_word' id='word_1_164' title='bbox 1230 3162 1313 3243; x_wconf 94' lang='lat' dir='ltr'>quo</span> <span class='ocrx_word' id='word_1_165' title='bbox 1331 3136 1450 3244; x_wconf 88' lang='lat' dir='ltr'>copia</span> <span class='ocrx_word' id='word_1_166' title='bbox 1468 3163 1586 3218; x_wconf 83' lang='lat' dir='ltr'>exer-</span> 
     </span>
     <span class='ocr_line' id='line_1_22' title="bbox 175 3255 1585 3364; baseline 0.005 -30"><span class='ocrx_word' id='word_1_167' title='bbox 175 3255 282 3338; x_wconf 88' lang='lat' dir='ltr'>citus</span> <span class='ocrx_word' id='word_1_168' title='bbox 318 3258 531 3362; x_wconf 88' lang='lat' dir='ltr'>presertim</span> <span class='ocrx_word' id='word_1_169' title='bbox 566 3257 811 3361; x_wconf 86' lang='lat' dir='ltr'>confidebat,</span> <span class='ocrx_word' id='word_1_170' title='bbox 847 3259 1050 3341; x_wconf 87' lang='lat' dir='ltr'>sustinere</span> <span class='ocrx_word' id='word_1_171' title='bbox 1084 3284 1164 3340; x_wconf 89' lang='lat' dir='ltr'>non</span> <span class='ocrx_word' id='word_1_172' title='bbox 1198 3259 1342 3340; x_wconf 85' lang='lat' dir='ltr'>valens</span> <span class='ocrx_word' id='word_1_173' title='bbox 1369 3257 1585 3364; x_wconf 87' lang='lat' dir='ltr'>Hungaro-</span> 
     </span>
     <span class='ocr_line' id='line_1_23' title="bbox 173 3378 1587 3489; baseline 0.005 -33"><span class='ocrx_word' id='word_1_174' title='bbox 173 3405 265 3458; x_wconf 89' lang='lat' dir='ltr'>mm</span> <span class='ocrx_word' id='word_1_175' title='bbox 302 3378 505 3484; x_wconf 88' lang='lat' dir='ltr'>impetum</span> <span class='ocrx_word' id='word_1_176' title='bbox 538 3404 585 3459; x_wconf 92' lang='lat' dir='ltr'>ac</span> <span class='ocrx_word' id='word_1_177' title='bbox 619 3379 798 3484; x_wconf 86' lang='lat' dir='ltr'>sagittas,</span> <span class='ocrx_word' id='word_1_178' title='bbox 835 3407 931 3461; x_wconf 93' lang='lat' dir='ltr'>cum</span> <span class='ocrx_word' id='word_1_179' title='bbox 964 3380 1049 3462; x_wconf 87' lang='lat' dir='ltr'>suis</span> <span class='ocrx_word' id='word_1_180' title='bbox 1082 3381 1223 3485; x_wconf 87' lang='lat' dir='ltr'>fugam</span> <span class='ocrx_word' id='word_1_181' title='bbox 1255 3380 1379 3484; x_wconf 85' lang='lat' dir='ltr'>dedit,</span> <span class='ocrx_word' id='word_1_182' title='bbox 1421 3392 1461 3460; x_wconf 90' lang='lat' dir='ltr'>et</span> <span class='ocrx_word' id='word_1_183' title='bbox 1492 3394 1587 3489; x_wconf 91' lang='lat' dir='ltr'>post</span> 
     </span>
     <span class='ocr_line' id='line_1_24' title="bbox 174 3497 1585 3610; baseline 0.005 -33"><span class='ocrx_word' id='word_1_184' title='bbox 174 3499 310 3606; x_wconf 88' lang='lat' dir='ltr'>ipsum</span> <span class='ocrx_word' id='word_1_185' title='bbox 346 3500 487 3580; x_wconf 90' lang='lat' dir='ltr'>Poloui</span> <span class='ocrx_word' id='word_1_186' title='bbox 522 3501 760 3582; x_wconf 86' lang='lat' dir='ltr'>conductitii</span> <span class='ocrx_word' id='word_1_187' title='bbox 793 3501 992 3584; x_wconf 85' lang='lat' dir='ltr'>dissoluto</span> <span class='ocrx_word' id='word_1_188' title='bbox 1027 3502 1212 3583; x_wconf 84' lang='lat' dir='ltr'>exercitu</span> <span class='ocrx_word' id='word_1_189' title='bbox 1239 3497 1469 3610; x_wconf 76' lang='lat' dir='ltr'>fugerent⁷)</span> <span class='ocrx_word' id='word_1_190' title='bbox 1488 3531 1585 3584; x_wconf 89' lang='lat' dir='ltr'>eum</span> 
     </span>
     <span class='ocr_line' id='line_1_25' title="bbox 173 3621 1587 3732; baseline 0.004 -32"><span class='ocrx_word' id='word_1_191' title='bbox 173 3621 368 3722; x_wconf 81' lang='lat' dir='ltr'>lloemis3</span> <span class='ocrx_word' id='word_1_192' title='bbox 403 3621 596 3704; x_wconf 77' lang='lat' dir='ltr'>Corrrauis</span> <span class='ocrx_word' id='word_1_193' title='bbox 629 3651 725 3704; x_wconf 88' lang='lat' dir='ltr'>rero</span> <span class='ocrx_word' id='word_1_194' title='bbox 758 3623 865 3705; x_wconf 90' lang='lat' dir='ltr'>iuter</span> <span class='ocrx_word' id='word_1_195' title='bbox 899 3625 975 3705; x_wconf 90' lang='lat' dir='ltr'>ista</span> <span class='ocrx_word' id='word_1_196' title='bbox 1006 3625 1135 3732; x_wconf 87' lang='lat' dir='ltr'>prelia</span> <span class='ocrx_word' id='word_1_197' title='bbox 1167 3625 1321 3706; x_wconf 90' lang='lat' dir='ltr'>honera</span> <span class='ocrx_word' id='word_1_198' title='bbox 1353 3637 1394 3705; x_wconf 90' lang='lat' dir='ltr'>et</span> <span class='ocrx_word' id='word_1_199' title='bbox 1425 3625 1587 3707; x_wconf 88' lang='lat' dir='ltr'>amesia</span> 
     </span>
     <span class='ocr_line' id='line_1_26' title="bbox 173 3741 1584 3855; baseline 0.005 -33"><span class='ocrx_word' id='word_1_200' title='bbox 173 3741 423 3826; x_wconf 79' lang='lat' dir='ltr'>ltoernorum</span> <span class='ocrx_word' id='word_1_201' title='bbox 459 3746 577 3851; x_wconf 86' lang='lat' dir='ltr'>regis,</span> <span class='ocrx_word' id='word_1_202' title='bbox 612 3746 759 3852; x_wconf 89' lang='lat' dir='ltr'>suique</span> <span class='ocrx_word' id='word_1_203' title='bbox 778 3746 985 3828; x_wconf 84' lang='lat' dir='ltr'>exercitus</span> <span class='ocrx_word' id='word_1_204' title='bbox 1004 3746 1584 3855; x_wconf 85' lang='lat' dir='ltr'>sustollentibusdissipando</span> 
     </span>
     <span class='ocr_line' id='line_1_27' title="bbox 172 3863 1584 3976; baseline 0.005 -33"><span class='ocrx_word' id='word_1_205' title='bbox 172 3863 216 3945; x_wconf 91' lang='lat' dir='ltr'>ln</span> <span class='ocrx_word' id='word_1_206' title='bbox 253 3867 331 3948; x_wconf 89' lang='lat' dir='ltr'>isto</span> <span class='ocrx_word' id='word_1_207' title='bbox 366 3867 487 3971; x_wconf 89' lang='lat' dir='ltr'>igitur</span> <span class='ocrx_word' id='word_1_208' title='bbox 518 3867 646 3975; x_wconf 90' lang='lat' dir='ltr'>prelio</span> <span class='ocrx_word' id='word_1_209' title='bbox 680 3897 753 3948; x_wconf 84' lang='lat' dir='ltr'>rex</span> <span class='ocrx_word' id='word_1_210' title='bbox 788 3867 988 3950; x_wconf 88' lang='lat' dir='ltr'>Otacarus</span> <span class='ocrx_word' id='word_1_211' title='bbox 1021 3869 1205 3976; x_wconf 91' lang='lat' dir='ltr'>dispersa</span> <span class='ocrx_word' id='word_1_212' title='bbox 1237 3883 1377 3951; x_wconf 90' lang='lat' dir='ltr'>mente</span> <span class='ocrx_word' id='word_1_213' title='bbox 1411 3886 1453 3950; x_wconf 92' lang='lat' dir='ltr'>et</span> <span class='ocrx_word' id='word_1_214' title='bbox 1485 3896 1584 3950; x_wconf 89' lang='lat' dir='ltr'>con·</span> 
     </span>
     <span class='ocr_line' id='line_1_28' title="bbox 172 3987 1584 4098; baseline 0.006 -32"><span class='ocrx_word' id='word_1_215' title='bbox 172 3987 265 4069; x_wconf 86' lang='lat' dir='ltr'>fusa</span> <span class='ocrx_word' id='word_1_216' title='bbox 298 3990 500 4093; x_wconf 87' lang='lat' dir='ltr'>vagando</span> <span class='ocrx_word' id='word_1_217' title='bbox 521 3990 560 4070; x_wconf 92' lang='lat' dir='ltr'>in</span> <span class='ocrx_word' id='word_1_218' title='bbox 595 3991 780 4072; x_wconf 79' lang='lat' dir='ltr'>exercitu</span> <span class='ocrx_word' id='word_1_219' title='bbox 813 4004 959 4098; x_wconf 88' lang='lat' dir='ltr'>captus</span> <span class='ocrx_word' id='word_1_220' title='bbox 992 3991 1201 4071; x_wconf 86' lang='lat' dir='ltr'>occiditur.</span> <span class='ocrx_word' id='word_1_221' title='bbox 1235 3991 1478 4073; x_wconf 70' lang='lat' dir='ltr'>lliliusvero</span> <span class='ocrx_word' id='word_1_222' title='bbox 1497 3992 1584 4074; x_wconf 88' lang='lat' dir='ltr'>eius</span> 
     </span>
     <span class='ocr_line' id='line_1_29' title="bbox 172 4107 1584 4219; baseline 0.006 -33"><span class='ocrx_word' id='word_1_223' title='bbox 172 4107 259 4190; x_wconf 80' lang='lat' dir='ltr'>(lux</span> <span class='ocrx_word' id='word_1_224' title='bbox 295 4110 489 4194; x_wconf 83' lang='lat' dir='ltr'>Nicolaus</span> <span class='ocrx_word' id='word_1_225' title='bbox 538 4112 577 4193; x_wconf 89' lang='lat' dir='ltr'>iu</span> <span class='ocrx_word' id='word_1_226' title='bbox 623 4112 877 4218; x_wconf 85' lang='lat' dir='ltr'>lluugariam</span> <span class='ocrx_word' id='word_1_227' title='bbox 927 4113 1145 4194; x_wconf 89' lang='lat' dir='ltr'>deducitur</span> <span class='ocrx_word' id='word_1_228' title='bbox 1193 4114 1437 4219; x_wconf 79' lang='lat' dir='ltr'>captiuatuS,</span> <span class='ocrx_word' id='word_1_229' title='bbox 1487 4141 1584 4194; x_wconf 89' lang='lat' dir='ltr'>cum</span> 
     </span>
     <span class='ocr_line' id='line_1_30' title="bbox 172 4230 1579 4346; baseline 0.006 -36"><span class='ocrx_word' id='word_1_230' title='bbox 172 4230 262 4314; x_wconf 91' lang='lat' dir='ltr'>aliis</span> <span class='ocrx_word' id='word_1_231' title='bbox 296 4234 472 4340; x_wconf 91' lang='lat' dir='ltr'>captiuis</span> <span class='ocrx_word' id='word_1_232' title='bbox 504 4235 728 4316; x_wconf 90' lang='lat' dir='ltr'>baronibus</span> <span class='ocrx_word' id='word_1_233' title='bbox 763 4235 983 4317; x_wconf 86' lang='lat' dir='ltr'>comitibus</span> <span class='ocrx_word' id='word_1_234' title='bbox 1013 4248 1054 4314; x_wconf 87' lang='lat' dir='ltr'>et</span> <span class='ocrx_word' id='word_1_235' title='bbox 1071 4233 1270 4316; x_wconf 90' lang='lat' dir='ltr'>militibus</span> <span class='ocrx_word' id='word_1_236' title='bbox 1288 4235 1376 4317; x_wconf 89' lang='lat' dir='ltr'>sine</span> <span class='ocrx_word' id='word_1_237' title='bbox 1394 4262 1579 4346; x_wconf 88' lang='lat' dir='ltr'>numero.</span> 
     </span>
     <span class='ocr_line' id='line_1_31' title="bbox 173 4352 1584 4465; baseline 0.004 -33"><span class='ocrx_word' id='word_1_238' title='bbox 173 4352 428 4436; x_wconf 80' lang='lat' dir='ltr'>llortuorum</span> <span class='ocrx_word' id='word_1_239' title='bbox 478 4373 618 4438; x_wconf 90' lang='lat' dir='ltr'>autem</span> <span class='ocrx_word' id='word_1_240' title='bbox 667 4385 889 4438; x_wconf 91' lang='lat' dir='ltr'>numerum</span> <span class='ocrx_word' id='word_1_241' title='bbox 921 4357 963 4437; x_wconf 89' lang='lat' dir='ltr'>in</span> <span class='ocrx_word' id='word_1_242' title='bbox 997 4357 1154 4463; x_wconf 87' lang='lat' dir='ltr'>prefato</span> <span class='ocrx_word' id='word_1_243' title='bbox 1202 4358 1332 4465; x_wconf 88' lang='lat' dir='ltr'>prelio</span> <span class='ocrx_word' id='word_1_244' title='bbox 1380 4356 1584 4465; x_wconf 89' lang='lat' dir='ltr'>potuisset</span> 
     </span>
     <span class='ocr_line' id='line_1_32' title="bbox 174 4475 1582 4586; baseline 0.004 -31"><span class='ocrx_word' id='word_1_245' title='bbox 174 4475 367 4558; x_wconf 83' lang='lat' dir='ltr'>estimare</span> <span class='ocrx_word' id='word_1_246' title='bbox 401 4479 488 4560; x_wconf 91' lang='lat' dir='ltr'>sola</span> <span class='ocrx_word' id='word_1_247' title='bbox 520 4479 661 4560; x_wconf 87' lang='lat' dir='ltr'>diuina</span> <span class='ocrx_word' id='word_1_248' title='bbox 692 4479 903 4586; x_wconf 89' lang='lat' dir='ltr'>sapientia.</span> <span class='ocrx_word' id='word_1_249' title='bbox 956 4478 1199 4586; x_wconf 81' lang='lat' dir='ltr'>ltudolphus</span> <span class='ocrx_word' id='word_1_250' title='bbox 1248 4506 1343 4586; x_wconf 88' lang='lat' dir='ltr'>ergo</span> <span class='ocrx_word' id='word_1_251' title='bbox 1382 4479 1582 4561; x_wconf 85' lang='lat' dir='ltr'>Teutonie</span> 
     </span>
     <span class='ocr_line' id='line_1_33' title="bbox 172 4601 1582 4710; baseline 0.006 -34"><span class='ocrx_word' id='word_1_252' title='bbox 172 4625 246 4677; x_wconf 84' lang='lat' dir='ltr'>rex</span> <span class='ocrx_word' id='word_1_253' title='bbox 291 4613 416 4707; x_wconf 85' lang='lat' dir='ltr'>atque</span> <span class='ocrx_word' id='word_1_254' title='bbox 465 4601 743 4683; x_wconf 87' lang='lat' dir='ltr'>Romanorum</span> <span class='ocrx_word' id='word_1_255' title='bbox 792 4629 888 4682; x_wconf 92' lang='lat' dir='ltr'>cum</span> <span class='ocrx_word' id='word_1_256' title='bbox 930 4601 1015 4683; x_wconf 91' lang='lat' dir='ltr'>suis</span> <span class='ocrx_word' id='word_1_257' title='bbox 1046 4602 1182 4683; x_wconf 90' lang='lat' dir='ltr'>stabat</span> <span class='ocrx_word' id='word_1_258' title='bbox 1213 4601 1468 4709; x_wconf 88' lang='lat' dir='ltr'>inspiciendo</span> <span class='ocrx_word' id='word_1_259' title='bbox 1501 4629 1582 4710; x_wconf 90' lang='lat' dir='ltr'>que</span> 
     </span>
    </p>
   </div>
   <div class='ocr_carea' id='block_1_3' title="bbox 174 4877 1576 5090">
    <p class='ocr_par' dir='ltr' id='par_1_3' title="bbox 174 4877 1576 5090">
     <span class='ocr_line' id='line_1_34' title="bbox 282 4877 1576 4974; baseline 0.005 -24"><span class='ocrx_word' id='word_1_260' title='bbox 282 4879 308 4970; x_wconf 82' lang='lat'>¹)</span> <span class='ocrx_word' id='word_1_261' title='bbox 338 4877 455 4972; x_wconf 86' lang='lat' dir='ltr'>igitur.</span> <span class='ocrx_word' id='word_1_262' title='bbox 499 4877 526 4974; x_wconf 80' lang='lat'>²)</span> <span class='ocrx_word' id='word_1_263' title='bbox 569 4878 841 4972; x_wconf 83' lang='lat' dir='ltr'>nativitatisque.</span> <span class='ocrx_word' id='word_1_264' title='bbox 885 4882 913 4970; x_wconf 66' lang='grc'>3)</span> <span class='ocrx_word' id='word_1_265' title='bbox 943 4877 1010 4952; x_wconf 88' lang='lat' dir='ltr'>rim</span> <span class='ocrx_word' id='word_1_266' title='bbox 1053 4881 1087 4950; x_wconf 91' lang='lat' dir='ltr'>et</span> <span class='ocrx_word' id='word_1_267' title='bbox 1129 4877 1375 4954; x_wconf 82' lang='lat' dir='ltr'>incrementum</span> <span class='ocrx_word' id='word_1_268' title='bbox 1416 4901 1481 4956; x_wconf 83' lang='lat' dir='ltr'>oro.</span> <span class='ocrx_word' id='word_1_269' title='bbox 1511 4879 1576 4957; x_wconf 83' lang='lat' dir='ltr'>He.</span> 
     </span>
     <span class='ocr_line' id='line_1_35' title="bbox 174 4977 1236 5090; baseline 0.002 -32"><span class='ocrx_word' id='word_1_270' title='bbox 174 4977 204 5082; x_wconf 83' lang='lat'>⁴)</span> <span class='ocrx_word' id='word_1_271' title='bbox 233 4983 318 5058; x_wconf 79' lang='lat' dir='ltr'>siue.</span> <span class='ocrx_word' id='word_1_272' title='bbox 349 4977 377 5086; x_wconf 69' lang='lat'>⁵)</span> <span class='ocrx_word' id='word_1_273' title='bbox 407 4983 503 5062; x_wconf 86' lang='lat' dir='ltr'>deest</span> <span class='ocrx_word' id='word_1_274' title='bbox 531 4983 565 5059; x_wconf 90' lang='lat' dir='ltr'>iu</span> <span class='ocrx_word' id='word_1_275' title='bbox 595 4986 657 5060; x_wconf 91' lang='lat' dir='ltr'>Ho.</span> <span class='ocrx_word' id='word_1_276' title='bbox 689 4979 716 5080; x_wconf 63' lang='lat' dir='ltr'>a)</span> <span class='ocrx_word' id='word_1_277' title='bbox 744 4985 958 5084; x_wconf 83' lang='lat' dir='ltr'>expectabat.</span> <span class='ocrx_word' id='word_1_278' title='bbox 991 4977 1018 5090; x_wconf 80' lang='lat'>⁷)</span> <span class='ocrx_word' id='word_1_279' title='bbox 1048 4981 1236 5082; x_wconf 82' lang='lat' dir='ltr'>lugierunt.</span> 
     </span>
    </p>
   </div>
   <div class='ocr_carea' id='block_1_4' title="bbox 0 0 1954 5762">
    <p class='ocr_par' dir='ltr' id='par_1_4' title="bbox 0 0 1954 5762">
     <span class='ocr_line' id='line_1_36' title="bbox 0 0 1954 5762; baseline 0 5"><span class='ocrx_word' id='word_1_280' title='bbox 0 0 1954 5762; x_wconf 95' lang='lat' dir='ltr'> </span> 
     </span>
    </p>
   </div>
  </div>
 </body>
</html>
