3896 5758
838 547 992 648 „aa

211 763 284 844 n'ec
316 759 597 845 recomederet
630 760 757 871 pedes
790 766 987 873 proprios,
1006 766 1244 875 ibidemque
1276 757 1514 849 moreretur.
1542 765 1614 874 Est

211 898 348 968 antem
381 885 581 993 scriptum
613 885 653 966 in
688 886 867 992 antiquis
908 887 1023 972 libris
1064 889 1117 968 de
1157 889 1282 995 gestis
1322 889 1613 995 hungarorum,

211 1007 320 1114 qnod
366 1008 533 1089 omnino
567 1007 820 1116 prohibitum
865 1023 951 1092 erat
992 1009 1221 1093 christianis
1254 1037 1430 1094 uxorem
1462 1012 1614 1093 ducere

209 1131 259 1211 de
292 1128 609 1236 consanguineis
642 1127 775 1211 Vatlra
808 1145 850 1212 et
879 1127 1023 1232 danus,
1042 1131 1113 1240 qui
1135 1133 1242 1214 sieut
1259 1131 1425 1215 Datban
1442 1149 1482 1215 et
1501 1135 1615 1244 noy-

208 1279 279 1334 ron
312 1252 353 1333 in
387 1251 517 1334 ueteri
550 1252 640 1358 lege
672 1252 923 1335 sedicionem
959 1268 1183 1364 mouerunt
1211 1267 1353 1337 contra
1385 1256 1612 1359 dominum,

208 1375 264 1456 sic
298 1389 338 1454 et
369 1375 436 1457 isti
467 1389 653 1483 tempore
686 1377 820 1481 gracie
853 1378 1097 1484 ungaricum
1130 1377 1333 1486 populum
1352 1378 1471 1458 afide
1498 1377 1612 1460 Chri-

211 1498 264 1579 sti
294 1509 545 1579 auerterunt.
578 1496 697 1578 Tunc
728 1498 868 1606 itaque
902 1498 1133 1583 detestabili
1169 1511 1210 1580 et
1242 1500 1465 1582 execrabili
1500 1527 1614 1581 amo·

208 1619 369 1701 nicione
403 1619 509 1702 illius
542 1618 675 1700 Vatlre
707 1646 851 1704 omncs
882 1623 1028 1729 populi
1061 1621 1298 1703 libauernnt
1318 1649 1362 1704 se
1396 1622 1610 1726 demoniis,

207 1754 248 1822 et
280 1755 481 1850 ceperunt
513 1741 730 1823 comedere
765 1745 937 1850 equinas
970 1744 1130 1852 pnlpas,
1150 1759 1190 1824 et
1217 1745 1384 1825 omnino
1412 1746 1612 1852 pessimas

204 1865 341 1945 lacere
376 1863 532 1972 culpas
565 1864 666 1946 Tam
700 1866 855 1973 quippe
889 1866 1058 1948 clericos
1092 1891 1217 1972 quam
1250 1866 1377 1948 laicos
1410 1867 1611 1949 catholice

203 1985 298 2067 fidei
332 2000 563 2070 seruatores
595 1987 900 2089 interfecerunt,
935 2001 976 2070 et
1008 1988 1275 2096 quamplures
1317 1989 1513 2070 ecclesias
1545 1990 1610 2071 dei

204 2106 512 2190 destruxerunt.
545 2106 707 2190 Deinde
741 2124 882 2191 contra
908 2109 1072 2192 Petrum
1093 2137 1230 2215 regem
1253 2109 1501 2193 rebellantes
1519 2112 1611 2194 uni·

204 2257 348 2312 rrersos
381 2231 611 2313 teutonicos
645 2244 685 2312 et
716 2231 863 2315 latinos
897 2233 1041 2340 quiin
1076 2232 1218 2314 officiis
1248 2233 1421 2314 diuersis
1437 2234 1609 2339 prefecti

203 2381 279 2461 per
310 2352 565 2460 Hungariam
599 2355 728 2461 sparsi
760 2355 935 2455 fun-ant,
967 2356 1077 2462 turpi
1095 2356 1187 2436 neci
1213 2355 1481 2436 tradiderunt.
1516 2353 1609 2436 Mit-

200 2489 422 2582 tcntesque
458 2475 498 2556 in
530 2475 637 2558 Petri
671 2487 803 2558 castra
834 2476 876 2557 in
910 2478 1027 2584 equis
1060 2477 1333 2560 uelocissimis
1366 2491 1489 2558 noete
1528 2491 1609 2560 tres

199 2624 404 2706 precones
437 2595 532 2706 (57)
567 2597 636 2705 qui
670 2597 871 2680 deberent
902 2598 1156 2707 proclamare
1175 2598 1356 2681 edictum
1375 2612 1416 2680 et
1433 2601 1609 2682 uerbum

199 2720 267 2803 dei
300 2719 463 2802 Endree
498 2736 539 2802 et
570 2720 767 2822 Leuente,
800 2735 847 2803 ut
879 2721 1064 2829 episcopi
1097 2748 1193 2802 cum
1227 2722 1335 2803 clero
1353 2722 1435 2804 sint
1463 2723 1611 2824 necati,

199 2839 430 2925 decimator
459 2843 698 2944 trucidetur,
731 2842 901 2925 tradicio
934 2857 1168 2927 resumatur
1208 2844 1459 2951 paganisma,
1493 2845 1612 2952 peni·

197 2983 267 3048 tus
300 2964 506 3048 abolenda
537 2964 619 3048 sint
651 2965 824 3046 collecta
867 2993 961 3048 cum
1006 2965 1091 3048 suis
1134 2966 1353 3048 teutonicis
1387 2979 1428 3046 et
1460 2965 1608 3068 latinis,

198 3087 308 3190 Rari
340 3100 484 3196 pereat
524 3086 724 3169 memoria
763 3088 804 3169 in
847 3103 1037 3170 etemum
1081 3101 1121 3170 et
1160 3087 1280 3169 ultra.
1330 3086 1450 3169 llanc
1488 3087 1611 3193 igitur

196 3211 309 3291 facto
340 3208 571 3293 sciscitatus
604 3223 667 3292 est
707 3237 782 3292 rex
824 3212 881 3292 rei
922 3211 1092 3314 factum,
1136 3221 1177 3290 et
1219 3210 1445 3293 certissime
1478 3235 1608 3316 expc-

197 3331 320 3434 riens‚
364 3331 475 3440 quod
522 3332 590 3414 isti
630 3332 774 3414 fratres
816 3332 1028 3435 redissent,
1074 3357 1302 3440 eorumque
1344 3331 1496 3414 intuitu
1543 3333 1608 3416 sni

196 3454 371 3562 prefecti
403 3481 478 3562 per
507 3453 714 3562 hungaros
750 3455 926 3538 tuissent
966 3454 1169 3554 trucidati,
1218 3481 1300 3534 non
1342 3481 1386 3535 se
1428 3454 1608 3536 ostendit

195 3576 459 3684 perterritum
502 3576 554 3658 de
595 3576 842 3681 rumoribus,
885 3577 958 3660 sed
990 3577 1121 3659 letum
1154 3602 1199 3659 se
1232 3575 1532 3680 demonstrans
1566 3589 1608 3658 et

193 3724 273 3781 suo
307 3711 439 3782 castro
472 3698 523 3780 de
556 3698 647 3780 loco
680 3712 884 3781 remutato
917 3699 1107 3782 transiuit
1124 3696 1364 3780 Danubium
1398 3699 1440 3779 in
1471 3697 1605 3808 Sytia·

194 3835 268 3901 ten
279 3817 309 3927 ¹)
343 3818 496 3903 Albam
529 3821 701 3928 cupiens
732 3821 910 3904 introire.
959 3821 1145 3927 Hungari
1177 3833 1317 3903 autem
1351 3821 1605 3928 prescientes

192 3943 286 4026 eius
319 3943 429 4026 uelle
477 3956 760 4050 preuenerunt
806 3956 1058 4052 occupantes
1101 3943 1350 4051 campanilia
1390 3959 1431 4025 et
1472 3957 1604 4027 tunes

192 4064 386 4168 ciuitatis,
401 4077 441 4146 et
457 4065 600 4148 seratis
632 4065 765 4148 ianuis
797 4066 913 4148 illum
948 4065 1268 4172 excluserunt.²¹‘)
1301 4064 1413 4148 Inter
1436 4065 1513 4147 hec
1531 4093 1603 4148 au-

189 4202 281 4270 tem
314 4186 451 4269 Endre
484 4199 525 4268 et
556 4188 741 4270 Leucate
774 4216 870 4270 cum
904 4188 1049 4269 eadem
1083 4187 1347 4270 multitudine
1374 4188 1602 4296 proceden-

190 4325 255 4394 tes
289 4335 366 4417 per
397 4309 583 4392 medium
615 4309 825 4416 Hungarie
869 4310 1311 4420 appropinqnaucrunt
1350 4310 1401 4392 ad
1436 4325 1602 4418 portum

189 4433 265 4542 qui
300 4431 427 4538 uulgo
459 4432 608 4514 dicitur
649 4431 771 4514 Pestb
813 4431 904 4529 Quo
936 4433 1077 4516 audito
1110 4432 1317 4516 Gerardns
1350 4429 1600 4542 Bostricns²)

189 4553 317 4638 Buldi
350 4566 391 4636 et
422 4554 609 4637 Benetba
641 4553 824 4663 episcopi
867 4569 908 4637 et
947 4555 1117 4639 Zonunc
1161 4581 1299 4638 comes
1341 4555 1392 4635 de
1434 4555 1600 4638 ciuitate

188 4677 305 4760 Alba
347 4677 498 4783 egressi
535 4688 633 4763 sunt
674 4677 841 4760 obuiam
875 4677 1009 4760 Endre
1044 4690 1084 4758 et
1114 4678 1298 4759 Lenente
1332 4677 1519 4780 ducibus,
1551 4690 1600 4759 ut

301 4948 327 5047 ¹)
357 4953 505 5030 Siluatu.
537 4953 563 5055 ²)
592 4955 782 5030 Basilicus.
821 4957 860 5029 Τ.
891 4956 947 5049 qui
976 4959 1062 5030 male
1100 4957 1248 5030 Boatrus
1283 4954 1368 5048 legit
1398 4953 1434 5028 in
1463 4953 1596 5030 tonica.

295 5054 329 5165 ²⁸¹)
357 5081 481 5138 nonno
510 5063 630 5160 caput:
660 5061 710 5138 Dc
739 5060 1005 5140 martirizatione
1035 5060 1124 5137 boati
1153 5057 1369 5136 Gaudia.
