1190 1585
611 184 632 204 ⁷2

268 241 287 261 A
304 247 345 268 quo
362 240 446 268 quidem
462 241 526 261 fluuio
542 240 634 268 Hungari
650 248 662 262 a
678 242 774 268 gentibus
791 241 904 262 occidentis
924 245 975 262 sunt

268 271 342 292 vocati.
359 271 455 298 Cumque
472 276 492 291 et
508 271 548 292 alia
564 272 592 292 VI
608 277 675 293 castra
691 276 737 299 post
753 272 809 293 hunc
822 272 974 297 fnndauissent,

268 302 397 329 aliquamdiu
413 302 433 322 in
450 302 489 322 illis
506 303 599 329 partibus
616 310 752 329 permansere.
768 303 904 330 Tandemque
920 303 973 323 Zua-

267 333 339 360 taplug
355 333 464 353 interemto
481 339 544 360 quem
561 333 587 353 ad
604 333 688 354 niodum
706 334 801 360 superius
818 337 849 354 est
860 337 973 358 narratum,

267 364 288 384 in
305 363 342 384 Vll
359 363 463 384 exercitus
480 367 528 383 sunt
544 363 611 389 diuisi,
628 364 655 384 ita
671 364 762 390 quidem,
779 368 803 384 ut
819 371 874 384 unus
892 364 973 384 exerei-

267 398 301 415 tus
317 394 361 414 sine
378 393 534 414 centurionibus
550 394 741 421 decurionihnsque
757 401 823 414 unuin
841 394 927 415 haberet
937 401 972 414 ca-

266 425 381 451 pitaneum,
398 424 432 445 cui
448 427 555 451 tanlquam
572 424 619 445 [luci
636 425 737 445 deberent
760 425 886 445 unanimiter
905 425 973 445 inten-

267 455 316 475 dere
332 462 357 475 ac
373 461 451 481 parere.
468 454 565 475 Habebat
581 455 636 475 enim
653 462 708 476 unus
725 455 829 475 exercitus
838 455 898 476 XXX
915 455 972 475 inilia

267 485 357 506 virorum
379 488 505 505 armatorum
531 486 625 513 exceptis
649 486 796 506 decurionibus
820 492 844 505 ac
868 485 972 512 prefectis.

267 516 348 543 Egressi
365 522 413 542 ergo
429 515 512 536 vexillis
528 516 602 537 erectis
619 523 667 537 cum
691 516 792 537 uxuribus
816 516 886 537 liberis
903 518 924 536 et
939 522 972 536 ar-

267 546 342 567 mentis
351 545 472 567 Danubium
490 546 509 566 in
519 547 566 567 Pest
582 550 603 567 et
619 547 639 567 in
657 550 717 574 poxtu
730 547 774 567 Zub
791 546 921 572 transierunt,
934 546 971 567 ubi

267 581 357 598 castrum
375 577 479 604 quoddam
497 577 551 597 circa
568 577 694 603 Danubium,
711 578 731 598 in
753 584 794 604 quo
816 581 874 597 erant
895 577 971 598 milites

266 608 382 635 Zuataplug
397 607 508 633 recollecti,
525 607 560 634 qui
576 608 634 628 fuci-e
651 608 716 635 erepti
740 615 777 635 per
792 608 870 634 fugam,
887 607 971 634 qnando

266 638 363 659 dominus
380 638 470 665 ipsorum
488 638 598 664 interierat,
615 642 767 666 expugnarunt.
786 638 808 658 In
826 645 868 665 quo
885 638 970 665 quidem

266 669 349 689 affinem
367 668 433 689 Morot
449 668 510 689 nimis
526 669 620 689 vetulum
638 676 685 689 cuin
703 669 747 689 aliis
761 668 893 696 perimente&
903 675 970 696 usque

266 699 327 720 hodie
343 699 437 719 fabulose
454 699 521 719 Morot
536 700 606 726 ipsum
622 700 685 720 fuisse
702 703 828 720 asscuerant.
910 706 912 708 ·

346 729 380 750 19.
397 729 428 750 Ex
445 729 488 750 istis
505 737 552 756 ergo
569 730 682 757 capitaneis
699 730 768 757 Arpad
785 729 840 750 filius
863 729 918 750 Alini
935 729 970 750 filii

265 760 323 785 Elad,
340 760 375 780 filii
392 759 466 786 Vger')
483 760 509 780 de
525 767 601 787 genere
617 760 680 781 Turul
697 761 760 781 rebus
776 760 840 789 ditior·
853 763 897 780 erat
905 764 926 780 et
934 766 971 787 po-

266 791 341 811 tentior
357 794 424 817 gente.
448 790 488 811 Hic
504 790 565 817 igitur
580 791 651 818 Arpad
668 798 715 812 euin
730 795 794 817 gente
810 797 849 811 sua
865 790 971 811 Rutheno-

266 829 311 842 runi
328 821 386 848 alpes
403 821 457 848 prior
472 822 590 849 pei-fumuit,
615 825 636 842 et
651 822 670 842 in
687 822 752 842 fluuio
769 821 815 848 Vug
831 821 910 848 primus
926 821 973 842 fixit

265 859 304 873 sua
319 855 393 877 castra,
409 858 433 872 en
450 852 507 878 quod
523 852 618 880 prosapia
635 852 673 873 ista
689 859 725 879 pre
742 852 815 872 ceteris
826 851 888 872 Scitie
905 852 971 872 tribu-

265 883 304 904 bus
313 882 443 910 prerogatiua
459 882 569 903 inuestitur
584 883 689 909 dignitate,
699 886 722 903 nt
732 882 846 903 exercituin
857 881 970 909 precedit')

265 913 340 939 eundo,
348 912 495 939 retrograditur
510 913 638 934 redeuntem.
655 913 680 933 Et
696 920 746 934 cuni
761 916 887 933 transmeato
896 912 969 933 Danu-

265 944 299 965 bio
316 943 442 964 Pannoniam
460 944 563 964 introisset
579 944 624 971 ipse
641 944 717 971 Arpad,
734 943 754 964 in
771 943 816 964 loco
833 943 868 963 illo
884 943 931 964 fixit
939 947 971 964 ta-

266 974 383 999 bernacula,
400 974 436 994 ubi
453 974 514 994 inodo
531 973 620 1001 Alben³)
637 974 710 995 ciuitas
726 978 758 995 est
773 974 865 995 fundata.
890 973 970 1001 Illeque

264 1005 323 1025 locus
339 1003 438 1031 priinus¹)
455 1004 526 1025 existit
542 1005 611 1032 Arpad
628 1004 692 1025 ducis.
703 1004 793 1025 Alterius
806 1011 856 1024 vero
865 1004 970 1025 exercitus

265 1035 386 1063 capitaneus
401 1035 478 1056 Zobole
494 1036 612 1061 vocabatur,
629 1036 665 1063 qui
681 1035 700 1056 in
718 1042 742 1056 eo
759 1035 804 1056 loco
820 1035 867 1055 fixit
882 1042 921 1055 sua
935 1042 970 1056 ca—

265 1070 312 1092 stra,
328 1066 364 1086 ubi
382 1066 442 1086 modo
458 1065 571 1086 Cliakwara
586 1066 640 1087 iacet
655 1066 753 1087 desolata.
778 1066 811 1086 Ab
830 1065 868 1086 isto
892 1065 970 1086 Zobole

264 1096 369 1124 generatio
385 1096 443 1117 Chak
459 1103 504 1117 esse
529 1097 597 1117 habet.
621 1097 684 1117 Tertii
700 1096 785 1123 quidem
802 1096 907 1117 exercitus
924 1096 969 1117 Iula

264 1127 303 1148 fuit
318 1127 450 1154 capitaneus;
465 1126 518 1154 hic⁵)
535 1134 583 1147 cum
600 1127 644 1148 aliis
661 1127 681 1147 in
699 1127 825 1147 Pannoniam
835 1127 940 1148 introisset
948 1127 969 1147 iu

264 1157 358 1186 partibus
374 1156 493 1184 Erteuelu⁸)
515 1158 598 1178 tandein
621 1158 727 1178 habitauit.
749 1157 789 1178 Sed
807 1157 874 1184 quarti
890 1157 969 1185 capita-

266 1196 318 1209 neus
334 1188 373 1209 Vrs
389 1191 420 1209 est
435 1188 565 1213 nominatum
581 1187 647 1215 ipse⁷)
664 1188 718 1208 circa
733 1188 810 1208 flumen
827 1187 875 1208 Soio
892 1195 931 1209 sua
938 1192 969 1208 ta-

266 1219 378 1240 bernacula
399 1219 470 1239 fixisse
492 1219 618 1246 perhibetur.
635 1218 705 1242 Quinti
722 1225 770 1239 vcro
787 1219 892 1239 exercitus
909 1218 968 1239 Cund

321 1287 333 1313 ¹)
347 1289 399 1313 Vgec
420 1289 434 1312 ¹)
449 1288 466 1316 in
485 1289 523 1307 add.
543 1289 576 1307 He.
596 1288 609 1313 ⁹)
629 1288 716 1307 Albensis.
736 1289 751 1311 ί)
770 1288 863 1307 descensus
881 1288 920 1307 add.
935 1289 968 1308 He.

266 1315 280 1340 ⁵)
294 1315 344 1333 ineat.
359 1315 397 1333 add.
412 1315 444 1333 Hei
460 1314 473 1340 ¹')
487 1315 581 1333 Erdewelu.
597 1316 611 1338 ¹)
625 1314 663 1333 iste.
