3900 5762
910 493 1065 615 pn

284 727 386 816 alios
420 731 590 832 nobiles,
626 730 694 838 qni
737 731 788 811 de
821 729 957 838 Soytia
992 728 1087 837 (28)
1122 727 1437 812 descenderunt.
1490 725 1606 810 Vnde
1650 727 1690 809 in

285 854 386 962 ipsis
419 855 603 936 venerari
638 865 775 961 potest
805 879 956 934 nomen
992 851 1198 956 dignitatis
1230 851 1324 958 plns
1357 851 1457 954 aliis,
1478 865 1518 932 et
1544 863 1692 959 poten·

282 977 363 1078 tie3
396 977 622 1060 nobilitatis
657 1001 752 1056 rero
786 974 997 1082 equaliter.
1017 971 1121 1055 Cum
1156 1000 1250 1078 ergo
1284 973 1453 1082 quidam
1489 973 1570 1055 sint
1598 973 1691 1056 hos·

282 1099 393 1205 pites
426 1099 504 1180 isto
537 1113 724 1205 tempore
757 1096 969 1178 nobilitate
1002 1121 1121 1203 pares
1159 1095 1365 1202 hungaris,
1399 1096 1692 1203 inquirendum

281 1235 351 1304 est
384 1248 512 1328 quare
548 1221 656 1302 istud
689 1247 779 1302 esse
813 1218 968 1320 habuit,
982 1213 1009 1323 ¹)
1043 1246 1138 1299 eum
1158 1217 1330 1320 lnmgari
1346 1244 1520 1300 numero
1547 1218 1598 1300 ad
1616 1218 1692 1299 im·

276 1342 485 1450 piendam
518 1342 774 1424 Pannoniam
807 1341 1076 1423 suffecissent.

446 1465 613 1573 Geyeha
645 1490 827 1570 namque
860 1463 946 1546 dux
981 1462 1086 1544 inter
1122 1462 1222 1545 alios
1255 1464 1395 1545 diuino
1437 1463 1692 1570 premonitus

276 1587 456 1670 oraeulo
499 1601 740 1668 conuertere
789 1586 900 1693 oepit
939 1585 1218 1690 hungarorum
1261 1601 1428 1692 gentem
1468 1585 1520 1666 ad
1567 1585 1694 1666 fidem

277 1709 565 1791 christianam.
606 1708 658 1788 Et
697 1708 797 1789 dum
840 1708 997 1788 monitu
1041 1707 1131 1790 illos
1164 1722 1406 1791 cormertere
1439 1734 1522 1789 non
1554 1721 1694 1816 posset

282 1825 584 1939 paganismis²)
627 1831 772 1913 ritibus
809 1829 969 1912 deditos
1002 1843 1042 1910 et
1083 1830 1272 1936 intentos,
1311 1831 1528 1940 oportebat
1569 1857 1693 1937 quos·

288 1953 387 2034 dam
422 1954 545 2036 armis
564 1953 769 2053 edomare,
803 1952 853 2034 ad
887 1952 995 2060 quod
1015 1953 1264 2054 faciendum,
1299 1954 1395 2062 quia
1427 1952 1693 2059 plnresfuere

293 2077 386 2157 fidei
426 2088 715 2184 repugnantes,
753 2100 879 2181 qnam
924 2074 1080 2182 quippe
1113 2075 1370 2180 adherentes,
1413 2075 1693 2159 necessarium

299 2199 434 2281 habuit
466 2197 713 2280 desiderium
747 2224 870 2279 suum
912 2197 1125 2302 diuulgare
1167 2198 1333 2303 regibus
1367 2213 1408 2280 et
1440 2197 1695 2306 principibus

304 2320 531 2404 christianis.
576 2319 666 2414 Quo
712 2319 852 2400 andito
895 2318 1131 2402 lnriusmodi
1179 2319 1392 2422 desiderio,
1433 2347 1517 2402 non
1558 2320 1694 2403 solum

305 2442 485 2524 iunamen
535 2441 859 2543 transmiserunt,
903 2442 976 2523 sed
1014 2441 1139 2524 etiam
1182 2443 1451 2550 personaliter
1493 2443 1694 2548 adierunt,

309 2565 444 2668 quibus
475 2567 608 2646 fuerat
640 2564 919 2668 hungarorum
953 2563 1174 2646 erudelitas
1206 2564 1356 2648 noeiua
1388 2592 1436 2646 ae
1469 2593 1608 2650 exosa.

655 2809 745 2892 XX.
778 2805 847 2885 De
876 2804 1174 2908 generatione
1201 2804 1332 2886 Ταΐω

450 2999 620 3084 intrauit
663 3027 757 3106 ergo
800 3001 932 3108 primo
969 3000 1182 3082 Deodatus
1224 3001 1275 3082 de
1313 3003 1532 3085 comitibus
1564 3004 1694 3084 saneti

323 3111 478 3203 Seuerini
511 3123 562 3203 de
596 3123 760 3230 Apulia,
793 3124 862 3230 qui
896 3122 1090 3204 ihndator
1122 3123 1258 3204 extitit
1274 3124 1509 3207 monasterii
1527 3124 1578 3206 de
1594 3124 1696 3205 Tata

324 3251 356 3312 et
381 3258 540 3343 parator.
574 3245 654 3327 Iste
689 3245 812 3326 etiam
846 3273 940 3326 eum
975 3258 1117 3326 saneto
1138 3245 1361 3327 Adalberto
1379 3247 1569 3353 pragensi
1587 3247 1695 3354 epis·

323 3377 407 3462 1³⁰th
435 3379 619 3449 sanetum
654 3393 793 3472 regem
827 3365 1083 3474 Stephanum
1119 3367 1355 3474 baptizauit
1374 3369 1491 3451 euius
1525 3368 1692 3476 quidem

315 3490 529 3571 monasterii
561 3515 714 3571 nomen
749 3515 820 3596 pro
854 3515 902 3569 eo
935 3489 1037 3570 Tata
1069 3487 1312 3596 appellatur.
1346 3487 1450 3585 Quia
1483 3519 1579 3572 oum
1597 3491 1694 3572 bea·

309 3603 363 3728 ⁰135
394 3631 467 3692 rex
499 3611 734 3718 Stephanus
767 3612 895 3718 ipsius
929 3639 1081 3693 nornen
1114 3613 1167 3692 ob
1200 3611 1477 3694 reuerentiam
1509 3638 1592 3694 non
1622 3641 1697 3694 ex-

298 3729 500 3837 himera,
549 3733 620 3816 sed
665 3760 762 3814 enm
805 3747 890 3814 tata
931 3734 1169 3840 appellaret,
1214 3732 1414 3815 abolitum
1449 3748 1510 3816 est
1541 3761 1694 3815 nomen

288 3817 481 3958 Deodati,
514 3855 584 3936 sed
618 3855 719 3936 'l'ata
752 3855 887 3935 extitit
922 3867 1103 3937 vocatus,
1138 3855 1255 3936 Vnde
1289 3856 1411 3936 etiam
1446 3857 1574 3963 ipsius
1607 3883 1696 3938 mo-

280 3963 517 4060 msrerium
552 3977 686 4057 taliter
718 3991 780 4058 est
812 3989 1017 4060 vocatum.
1049 3976 1185 4059 Huius
1219 3977 1387 4084 quidem
1420 3978 1628 4083 generatio
1654 3979 1696 4059 in

275 4055 504 4182 Pannonia
546 4125 627 4180 non
670 4099 855 4199 hahetur,
898 4100 994 4206 quia
1038 4099 1229 4205 quamuis
1261 4125 1435 4180 uxorem
1469 4100 1693 4202 habuisset,

272 4191 426 4294 tamen
465 4222 553 4302 sine
586 4220 807 4302 heredibus
840 4220 973 4301 finiuit
1005 4221 1130 4301 vitam
1165 4246 1295 4303 suam.

584 4464 695 4546 XXI.
729 4455 975 4541 (teneretio
1002 4461 1200 4543 filiorum
1226 4458 1413 4542 Hedrlln

450 4656 545 4744 Post
578 4660 653 4740 hee
687 4657 737 4738 de
782 4656 999 4739 hiarnania
1043 4655 1300 4766 Volphgerus
1333 4685 1429 4740 eum
1468 4659 1590 4740 tratre
1622 4685 1697 4742 suo

276 4731 473 4861 Hem-500
507 4782 557 4862 de
591 4781 810 4862 comitibus
844 4777 1057 4880 Heinhnrg¹
1090 4791 1201 4860 ortus
1235 4807 1328 4860 rum
1369 4780 1562 4862 treeentis
1595 4781 1697 4861 dex-

276 4905 499 4962 “N-

394 5001 426 5110 ¹)
462 5024 614 5120 undeque
643 5021 822 5116 prooessit.
853 5022 929 5098 add.
959 5021 997 5094 T.
1029 5023 1056 5112 ¹)
1085 5019 1288 5115 paganismi.
