3900 5762
368 661 471 745 nicis
505 674 547 743 et
577 645 713 744 latinis
748 660 1017 742 custodienda
1048 661 1249 745 tradebat.
1283 659 1378 744 Erat
1396 657 1613 770 enimipse
1631 656 1775 746 Petrus

365 784 542 867 nimium
575 784 768 886 lasciuus
800 782 1025 889 nullusque
1059 809 1107 864 eo
1139 795 1326 893 tempore
1359 798 1474 867 tutus
1508 811 1598 868 esse
1615 798 1777 893 poterat

367 907 419 988 de
451 907 658 1015 pudicicia
687 906 829 988 uxoris
862 933 937 986 sue
970 906 1038 986 rel
1068 905 1151 988 filie
1169 908 1408 990 seusororis
1425 907 1657 1014 virginitate
1678 902 1776 1014 —¹)

366 1029 544 1113 insultus
576 1027 798 1110 satellitum
818 1027 934 1132 regis,
957 1029 1028 1134 qui
1062 1055 1131 1112 eas
1164 1030 1335 1138 impune
1367 1029 1592 1112 uiolabant.
1620 1027 1776 1108 Viden·

366 1165 428 1233 tes
460 1152 582 1257 igitur
613 1151 819 1259 principes
854 1148 1029 1254 Vngarie
1062 1152 1172 1233 mala
1211 1153 1343 1258 gentis
1382 1179 1468 1254 sue,
1513 1177 1595 1260 quc
1633 1165 1777 1231 contra

366 1273 492 1355 deum
525 1274 583 1356 cis
624 1273 917 1372 inscrebantur,
961 1274 1267 1356 communicato
1310 1273 1480 1356 consilio
1522 1289 1777 1378 rogauerunt

365 1422 505 1502 regem
537 1409 585 1478 ut
616 1395 847 1502 preciperet
879 1394 964 1475 suis
981 1421 1005 1475 a
1022 1407 1107 1477 tam
1140 1395 1374 1478 detestabili
1406 1421 1531 1503 opere
1563 1394 1776 1478 desistere.

365 1515 455 1600 Rex
487 1529 627 1600 autem
661 1510 840 1623 faustul)
875 1518 1069 1622 superbie
1087 1513 1305 1624 inflatur),
1323 1517 1564 1626 pestiferum
1597 1543 1777 1625 precon-

365 1639 475 1748 cepti
507 1639 662 1722 ueneni
691 1640 864 1719 fetorem
898 1637 939 1717 in
974 1640 1238 1748 propatulum
1274 1641 1419 1722 effudit
1450 1639 1604 1722 dicens.
1630 1637 1672 1720 Si
1700 1637 1778 1721 ali·

365 1761 566 1869 quamdiu
596 1779 722 1844 sauus
761 1761 889 1862 luero,
932 1788 1079 1844 omnes
1117 1763 1275 1845 iudices
1317 1776 1402 1844 tam
1446 1761 1694 1845 clarissimos
1735 1775 1778 1844 et

363 1882 624 1992 spectabiles,
658 1909 782 1991 quam
817 1883 1027 1989 pedaneos
1060 1879 1362 1992 cerrtnrionesl)
1396 1912 1444 1966 ac
1476 1884 1647 1983 cillicae,
1684 1910 1778 1964 om·

364 2033 526 2114 nesque
559 2006 767 2114 principos
800 2018 840 2084 ct
872 2018 1099 2112 potestates
1131 2007 1173 2089 in
1205 2032 1331 2113 regno
1353 2006 1563 2113 Hungarie
1594 2007 1780 2088 tcutoni-

365 2154 434 2212 cos
479 2127 739 2229 constituam,
781 2139 822 2207 ct
861 2141 1012 2210 terram
1053 2129 1141 2212 eius
1180 2128 1411 2238 hospitibus
1422 2125 1451 2239 5)
1493 2127 1690 2235 implebo,
1740 2143 1783 2210 et

367 2277 457 2332 eam
491 2249 782 2333 uniuersaliter
814 2249 852 2329 in
888 2263 1134 2357 potestatem
1168 2251 1473 2334 teutonicorum
1505 2249 1783 2356 redigamur

366 2372 553 2454 dicebat:
594 2373 674 2453 hoc
713 2396 867 2453 nomen
905 2372 1116 2478 Hungaria
1149 2373 1383 2456 deriuatum
1416 2385 1479 2456 est
1509 2374 1561 2456 ab
1595 2373 1781 2478 augaria,

363 2507 404 2574 et
435 2494 512 2602 ipsi
546 2495 703 2578 debent
734 2495 946 2600 angariari.
980 2494 1069 2576 Hcc
1101 2496 1240 2604 itaque
1273 2497 1444 2578 luerunt
1473 2497 1660 2577 fomenta
1693 2495 1781 2578 dis·

362 2616 500 2700 cordie
531 2617 639 2699 inter
670 2616 837 2699 Petrum
874 2644 1013 2724 regem
1047 2632 1089 2698 et
1120 2619 1340 2725 hungaros.

510 2894 652 2978 XLIV.
684 2890 754 2971 De
781 2891 902 2995 fuge
928 2892 1068 2996 Petrl,
1097 2881 1228 2974 etde
1256 2891 1485 2974 eleccione
1512 2889 1629 2973 Abe.

516 3142 613 3248 (48)
646 3139 769 3223 Anno
803 3140 927 3248 igitur
958 3142 1072 3248 regni
1103 3129 1212 3224 Petri
1247 3141 1376 3223 tercio
1419 3140 1626 3250 principes
1665 3141 1781 3224 hun·

360 3288 552 3367 garorum
585 3277 628 3344 ct
657 3261 809 3346 milites
842 3264 1012 3346 consilio
1045 3265 1334 3372 episcoporum
1379 3277 1668 3346 conuenerunt
1701 3265 1781 3346 ad·

361 3412 505 3468 uersus
536 3385 706 3467 Petrum
738 3413 891 3492 regem,
926 3398 968 3467 et
1000 3386 1162 3469 solliciti
1195 3387 1436 3494 querebant,
1464 3386 1497 3466 si
1515 3385 1701 3493 aliquem
1723 3387 1780 3468 de

359 3507 485 3612 regali
516 3507 713 3617 progenie
744 3508 787 3589 in
820 3535 945 3614 regno
978 3519 1080 3591 tunc
1111 3509 1297 3591 inuenire
1330 3519 1511 3616 possent,
1535 3507 1606 3616 qui
1624 3507 1678 3590 ad
1696 3537 1780 3615 gu·

359 3627 620 3712 beurandum
663 3657 836 3737 regnum
880 3627 1028 3738 essetl)
1069 3631 1269 3740 ydoneus,
1311 3643 1351 3711 et
1393 3656 1463 3713 eos
1495 3657 1520 3711 a
1551 3631 1780 3738 tyrannide

360 3745 469 3831 Petri
500 3751 703 3835 liberaret.
741 3751 932 3860 Cumque
960 3755 1170 3836 nemiuem
1189 3754 1315 3835 talem
1348 3751 1389 3833 in
1423 3779 1548 3858 reguo
1582 3752 1781 3836 inuenire

361 3871 605 3979 potuissent,
648 3874 863 3980 elegerunt
904 3875 954 3956 de
997 3889 1130 3958 semet
1168 3861 1267 3984 ipsis
1307 3874 1532 3981 quemdam
1574 3875 1781 3957 comitem

359 3995 527 4076 nomine
562 3996 697 4078 Abam
730 3997 928 4078 sororium
963 3998 1093 4079 sancti
1126 3997 1231 4103 regis
1264 3995 1474 4104 Stephani,
1508 4008 1550 4078 ct
1583 4023 1681 4079 eum
1702 4025 1782 4081 su·

359 4142 510 4224 perse
543 4145 681 4223 regem
717 4118 1031 4201 constituerunt.
1077 4121 1169 4201 Aba
1200 4145 1298 4201 vero
1331 4133 1577 4224 congregato
1610 4117 1784 4228 hunga-

360 4264 499 4320 rorum
532 4241 730 4343 exercitu,
765 4253 907 4321 corrtra
940 4241 1105 4324 Petrum
1124 4269 1261 4347 regem
1281 4239 1480 4348 processit
1506 4241 1782 4348 preliaturus.

358 4359 501 4444 Petrus
541 4374 680 4444 autem
720 4362 867 4444 uidens
908 4391 951 4446 se
995 4364 1274 4472 hungarorum
1320 4363 1476 4446 auxilio
1510 4362 1783 4468 destitutum,

421 4535 568 4544 -——-

470 4633 495 4730 ¹)
523 4643 665 4734 proptor
691 4623 734 4714 l.
763 4641 802 4716 Τ.
834 4634 862 4739 ¹)
892 4642 994 4716 lastu.
1025 4640 1053 4732 ³)
1082 4665 1120 4715 ac
1148 4642 1275 4732 lurore,
1295 4640 1473 4732 malitiam,
1494 4663 1594 4736 qnam
1612 4640 1650 4716 in
1671 4643 1784 4718 corde

361 4745 502 4836 gerebat
531 4748 564 4818 at
593 4743 779 4832 inanimo,
815 4767 890 4820 curn
929 4750 1000 4820 toto
1038 4765 1169 4821 corrono
1198 4745 1318 4820 effudit
1354 4745 1390 4819 iu
1418 4745 1535 4839 patulo
1564 4745 1698 4822 dicens.
1733 4747 1781 4823 Α.

363 4844 391 4944 ⁴)
420 4851 454 4920 et
482 4847 693 4923 decuriones
723 4850 799 4923 add.
828 4850 870 4925 A.
902 4844 930 4942 6)
959 4850 1166 4943 adimplebo,
1208 4857 1241 4924 et
1280 4847 1468 4924 dominium
1497 4851 1630 4926 tradam
1659 4855 1785 4926 tento·

364 4949 449 5025 uicis
477 4957 511 5025 ct
539 4953 672 5027 olienis.
701 4955 746 5027 Et
774 4953 918 5029 dicebat.
948 4955 989 5029 A.
1022 4950 1049 5046 ις)
1079 4954 1178 5028 foret.
1209 4956 1249 5027 Τ.
