3896 5758
1024 459 1154 566 Q&

374 684 501 768 Siculi
533 682 721 767 uilissimi
754 710 899 764 omnes
930 684 1082 790 pariter
1114 683 1323 790 lugierunt
1355 685 1463 768 sicut
1496 687 1621 796 (119)
1641 715 1782 770 oucsa

372 807 495 916 lupis,
529 806 601 915 qui
633 833 747 888 more
779 805 898 888 solito
931 805 1123 913 preibant
1154 808 1319 912 agmina
1352 807 1780 916 hungarorurn.Tunc

373 931 498 1012 etiam
530 929 771 1037 priusquam
806 928 979 1034 hungari
1013 927 1230 1034 confligere
1264 930 1481 1038 cepissent,
1511 933 1691 1038 quedam
1709 957 1781 1038 ag-

372 1053 486 1134 mina
527 1051 805 1157 hungarorum
849 1051 1063 1156 perterrita
1104 1065 1202 1133 sunt
1232 1079 1257 1132 a
1287 1052 1424 1135 furore
1462 1053 1779 1136 teutonicorum.

372 1173 672 1256 Preualuerunt
702 1172 901 1255 teutonici
935 1172 1139 1278 hungaros
1172 1173 1214 1253 in
1245 1174 1361 1256 initio
1394 1175 1531 1257 bellici
1553 1175 1779 1273 conflictus,

372 1297 443 1404 qui
475 1296 583 1378 sicut
615 1295 794 1396 heretici,
829 1295 937 1374 circa
967 1293 1169 1402 principia
1201 1322 1366 1404 semper
1396 1298 1648 1400 feruescunt‚
1669 1313 1711 1378 et
1737 1299 1777 1379 in

371 1418 453 1500 fine
494 1428 725 1526 tepescunt.
770 1415 887 1497 Tunc
929 1417 1164 1500 auunculus
1204 1418 1360 1499 domini
1397 1420 1514 1525 regis
1563 1419 1662 1500 Bele
1696 1421 1777 1501 bau

371 1540 620 1642 nominatus,
653 1538 853 1645 gloriosus
886 1539 927 1618 in
960 1538 1127 1622 milibus
1160 1539 1245 1622 suis
1277 1541 1435 1623 irruens
1469 1541 1778 1649 superagmiua

370 1663 687 1765 teutonicorum,
721 1660 924 1769 percussit
956 1686 1026 1743 eos
1059 1687 1111 1741 ex
1147 1661 1321 1745 aduerso
1354 1664 1543 1768 grauiter,
1592 1677 1633 1744 et
1666 1691 1778 1769 mag-

371 1811 467 1868 narn
501 1798 677 1890 stragem
711 1783 809 1864 fecit
840 1783 881 1863 in
915 1781 1005 1864 illis.
1053 1782 1134 1864 Sed
1168 1783 1288 1865 electi
1325 1785 1476 1866 milites
1509 1785 1615 1890 regis
1648 1786 1777 1893 irnpe-

371 1923 460 1990 tum
492 1908 681 1989 fecerunt
712 1905 752 1986 in
787 1904 947 1987 hostes:
980 1919 1195 2010 grauatum
1232 1922 1294 1988 est
1326 1907 1501 2014 prelium
1530 1922 1671 1989 contra
1689 1921 1777 1988 teu·

370 2029 540 2133 tociens,
574 2043 616 2110 et
647 2026 842 2109 fortitudo
876 2053 1018 2108 eorum
1052 2027 1249 2135 dissipata
1282 2045 1355 2132 est,
1390 2041 1432 2110 et
1463 2045 1706 2111 corruerunt
1737 2031 1775 2110 in

372 2178 441 2235 ore
474 2151 596 2258 gladii
628 2150 723 2258 plus
756 2175 882 2257 quam
915 2162 1074 2256 septem
1102 2151 1216 2231 milia
1231 2150 1491 2254 bellatorum,
1509 2151 1662 2233 residui
1680 2178 1777 2234 uero

370 2274 590 2381 fugierunt.
623 2271 812 2355 Saluauit
846 2271 968 2376 igitur
1000 2271 1102 2354 deus
1134 2273 1341 2378 hungaros
1373 2273 1416 2354 in
1449 2273 1515 2354 die
1533 2272 1600 2354 illa
1618 2273 1670 2354 de
1688 2275 1775 2355 lau·

370 2397 488 2481 cibus
531 2395 755 2478 draconum
802 2393 1022 2476 crudeliter
1064 2394 1334 2477 seuiencimn.
1382 2394 1442 2476 Ibi
1493 2422 1626 2502 usque
1675 2396 1776 2476 adeo

370 2520 591 2601 contritum
625 2530 688 2600 est
719 2517 844 2599 robur
876 2516 1191 2620 teutonicorum,
1226 2517 1338 2623 quod
1371 2543 1449 2597 nec
1482 2517 1644 2600 rusticis
1671 2518 1775 2599 hun-

368 2641 474 2747 garis
506 2641 548 2722 in
581 2638 805 2722 confinium
850 2665 991 2721 eorum
1036 2639 1318 2721 habitantibus
1355 2639 1539 2746 aliquam
1573 2640 1774 2738 iniuriam,

369 2791 444 2846 seu
491 2761 772 2871 quodcunque
820 2787 1044 2866 grauameu
1088 2761 1236 2842 inferre
1285 2775 1638 2868 presumpserunt.
1688 2761 1774 2844 Rex

369 2898 508 2968 autem
542 2884 683 2966 diuina
714 2883 850 2990 gracia
881 2881 996 2964 felici
1023 2882 1178 2990 potitus
1211 2883 1394 2985 uictoria,
1428 2884 1552 2966 simul
1570 2885 1775 2966 curnuni-

369 3035 489 3091 uersa
520 3020 642 3114 gente
676 3031 752 3087 sua
783 3005 998 3086 benedixit
1029 3019 1071 3086 et
1101 3005 1344 3111 glorificauit
1376 3004 1515 3088 deum.
1547 3005 1595 3087 In
1630 3007 1773 3089 eodem

368 3143 509 3212 autem
541 3129 670 3238 prelio
704 3152 843 3210 comes
876 3125 979 3208 Vros
1023 3127 1133 3235 cepit
1172 3127 1365 3208 comitem
1407 3127 1556 3235 Rapolt
1596 3129 1775 3210 teutoni·

369 3281 476 3353 cum,
529 3253 599 3358 qui
644 3251 724 3332 iam
767 3249 925 3356 pridem
977 3249 1187 3332 nocturnis
1231 3249 1387 3332 insidiis
1430 3262 1609 3332 castrum
1644 3250 1772 3332 Posou

368 3387 658 3482 occupauerat,
693 3385 734 3454 et
775 3370 941 3452 Gabriel
985 3367 1268 3474 Accionern.¹)
1318 3371 1413 3452 Post
1444 3371 1522 3452 hec
1556 3372 1596 3452 in
1629 3371 1772 3454 diebus

368 3497 445 3579 illis
476 3496 607 3578 fames
640 3494 787 3576 afflixit
817 3491 1085 3597 Hungariam,
1121 3521 1202 3599 que
1236 3519 1428 3598 magnam
1463 3511 1621 3601 partem
1641 3493 1769 3575 homi·

367 3646 470 3700 num
502 3617 545 3698 in
577 3629 708 3698 morte
741 3615 966 3697 obsorbuit.

471 3878 615 3960 LXXI.
655 3867 799 3953 Gener
826 3867 1085 3954 comarum
1111 3894 1194 3975 per
1220 3871 1512 3975 Hungarism
1539 3869 1670 3953 uadit

891 4011 1253 4094 herosolirnam.

523 4227 650 4336 (120)
684 4226 802 4308 Circa
834 4227 956 4307 etiam
992 4225 1136 4307 eadem
1170 4240 1357 4332 tempora
1390 4222 1613 4306 Corrardus
1646 4223 1766 4306 Cesar

366 4348 442 4429 iter
474 4349 628 4432 faciens
661 4349 983 4448 lherosolimam,
1019 4377 1092 4455 per
1123 4347 1390 4452 Hungariam.
1430 4345 1640 4450 Hungarie
1675 4373 1763 4426 reru

366 4497 448 4552 non
483 4469 630 4554 Christi
671 4472 910 4578 peregrinus
953 4471 1155 4584 apparuit,
1199 4471 1239 4550 iu
1273 4495 1356 4574 qua
1388 4495 1470 4548 non
1505 4495 1664 4575 pacem,
1697 4467 1762 4550 sed

366 4594 503 4700 potius
535 4593 634 4675 iram
669 4593 819 4674 tiranni
853 4604 895 4672 ct
930 4592 1122 4699 predonis
1166 4591 1364 4675 exercuit.
1416 4587 1520 4670 Nam
1554 4588 1764 4696 peticionis

366 4715 635 4796 simulacione
667 4715 849 4816 inuenta,
867 4709 1079 4821 aditum,²)
1113 4741 1137 4794 a
1168 4739 1294 4818 regno
1321 4711 1531 4817 Hungarie
1549 4711 1765 4818 pecuniam

474 4969 1146 5072 hfflmmffihmmmb
