3900 5762
972 517 1125 620 ,1-0-

349 765 474 848 quarn
509 735 773 845 corporaliter
803 734 998 818 uisitarat.
1014 729 1043 842 ¹)
1076 733 1189 818 Dum
1222 733 1346 842 igitur
1373 733 1642 839 edificaretur,
1663 761 1749 817 ma·

349 862 460 968 gistri
494 859 668 968 lapicide
702 859 752 940 de
786 857 930 939 Gracia
965 856 1078 940 ducti
1111 873 1228 939 erant
1268 869 1309 940 et
1351 856 1634 941 sanctissimus
1675 885 1751 940 rex

350 1011 446 1066 cum
478 982 619 1088 regina
649 981 813 1064 racione
852 979 1090 1062 deuoeionis
1132 979 1287 1062 ibidem
1329 979 1547 1086 degebant.
1596 979 1753 1087 Regina

350 1119 491 1188 autem
524 1099 667 1188 cruces
699 1101 862 1185 tabulas
896 1115 936 1184 et
968 1115 1210 1186 ornamenta
1242 1101 1501 1210 procurabat.
1528 1099 1635 1198 Quia
1651 1129 1751 1185 vero

348 1226 451 1311 iliud
483 1226 637 1334 grande
671 1251 775 1334 opus
808 1225 1020 1332 inceptum
1040 1224 1192 1307 multos
1213 1249 1342 1306 annos
1371 1223 1639 1328 conduxerat,
1658 1225 1754 1308 ideo

349 1349 520 1432 uiuente
553 1359 697 1432 sancto
730 1345 940 1454 Stephano
973 1373 1067 1453 rege
1100 1346 1202 1429 illud
1236 1347 1458 1428 cenobium
1491 1373 1575 1428 11011
1615 1347 1752 1456 potuit

349 1472 595 1574 consumari,
628 1469 700 1554 sed
734 1469 901 1552 uolente
934 1469 1012 1550 deo
1045 1469 1349 1576 postmultum
1391 1470 1588 1577 temporis
1631 1496 1752 1552 sanc-

348 1594 531 1677 tissimus
563 1621 637 1675 rex
656 1592 870 1674 Ladizlaus
903 1617 1033 1698 nepos
1066 1591 1252 1674 ciusdem
1287 1591 1398 1673 beati
1420 1589 1631 1699 Stephani,
1648 1591 1752 1673 illud

349 1742 455 1824 opus
488 1715 761 1816 consnmauit,
795 1727 842 1795 ut
873 1713 1030 1796 scilicet
1061 1714 1191 1820 possit
1223 1714 1449 1821 adimplere
1478 1727 1621 1796 votum
1655 1739 1751 1822 pro·

348 1838 416 1921 aui
459 1835 535 1938 sui,
571 1837 678 1919 siout
719 1837 888 1918 inferius
935 1835 1099 1943 plenius
1142 1835 1426 1919 declarabitur.
1482 1833 1750 1918 Consuetudo

348 1973 489 2042 autem
523 1959 653 2042 sancti
685 1959 790 2064 regis
822 1957 1020 2066 Stephani
1053 1959 1182 2040 maior
1214 1959 1291 2040 ista
1327 1958 1416 2059 fuit,
1451 1957 1560 2065 quod
1603 1983 1749 2039 omnes

349 2083 545 2166 ecclesias
578 2107 681 2189 quas
713 2082 802 2188 ipse
833 2080 1092 2183 fundauerat,
1121 2081 1161 2162 in
1196 2081 1383 2188 quolibet
1414 2106 1523 2161 anno
1555 2080 1749 2163 adminus

348 2205 479 2288 tribus
511 2205 672 2286 vicibus
704 2203 909 2285 nisitabat.
947 2201 999 2283 Et
1030 2204 1129 2285 dum
1164 2205 1215 2284 ad
1249 2204 1359 2310 ipsas
1392 2202 1588 2285 eeclesias
1621 2201 1748 2284 deue-

348 2327 488 2431 nisset,
522 2327 654 2434 primo
687 2325 738 2407 ad
772 2326 910 2406 omnia
941 2325 1084 2407 altaria
1115 2326 1325 2433 pergebat,
1344 2339 1385 2406 et
1405 2323 1575 2430 singulis
1608 2325 1748 2430 singu-

347 2450 408 2532 las
440 2475 585 2556 preces
618 2447 870 2530 effundebat.
903 2445 1088 2528 Tandem
1122 2447 1316 2529 exarando
1359 2459 1486 2528 totam
1529 2446 1747 2529 ecclesiam

348 2572 460 2654 illam
504 2569 713 2671 circuibat,
757 2583 798 2649 et
837 2569 1036 2652 fracturas
1077 2571 1166 2652 sine
1208 2569 1406 2653 scissuras
1449 2569 1653 2676 parietum
1701 2595 1749 2649 ac

347 2706 550 2775 tectorum
584 2691 892 2800 perspicacibus
926 2692 1055 2774 oculis
1089 2707 1129 2772 et
1147 2717 1308 2775 morose
1327 2691 1582 2799 inspiciebat,
1602 2705 1642 2772 ct
1667 2704 1750 2772 sta·

346 2816 420 2898 tim
452 2814 702 2897 rerneliorari
734 2814 993 2921 procurabat,
1027 2840 1104 2896 nec
1138 2841 1161 2896 a
1194 2814 1283 2895 loco
1316 2813 1425 2896 illius
1467 2811 1643 2896 ciuitatis
1677 2827 1752 2896 aut

346 2937 446 3021 uilie
477 2936 709 3038 recedebat,
742 2935 821 3018 nisi
852 2936 965 3042 prius
998 2937 1166 3019 vidisset
1198 2937 1399 3018 renouari.
1441 2933 1531 3031 Quo
1576 2947 1751 3042 experto

348 3060 491 3166 regina
522 3059 663 3142 Keisla
694 3059 792 3141 dum
828 3057 878 3138 ad
911 3059 1071 3165 aliquas
1104 3059 1299 3141 ecelesias
1332 3060 1373 3140 in
1391 3057 1602 3164 Hungaria
1621 3056 1749 3138 dene·

347 3183 489 3285 nisset,
523 3207 666 3264 omncs
699 3193 922 3288 apparatus
963 3181 1004 3260 in
1048 3181 1171 3262 domo
1209 3180 1364 3262 domini
1406 3180 1631 3262 existentes
1672 3177 1750 3260 sibi

349 3304 575 3414 presentari
610 3303 798 3406 faciebat,
834 3315 874 3382 et
905 3303 1146 3385 rennuenda
1177 3316 1261 3384 tam
1294 3303 1335 3384 in
1369 3301 1541 3386 sindone
1562 3329 1689 3410 quam
1707 3302 1746 3382 in

349 3430 473 3537 bysso
507 3427 621 3508 omni
654 3452 763 3507 anno
795 3426 1035 3506 renarrabat.
1056 3423 1183 3508 Filius
1215 3438 1354 3507 autem
1388 3425 1569 3532 ipsorum
1603 3425 1749 3507 beatus

348 3549 563 3632 Emericns
599 3549 783 3656 proprias
816 3563 952 3630 restes
985 3573 1215 3656 purpureas
1236 3561 1331 3628 ante
1359 3546 1485 3629 altare
1503 3546 1748 3654 deponebat,

348 3698 421 3780 pro
456 3671 655 3752 altaribus
687 3669 919 3773 induendis,
953 3670 1060 3753 sicut
1096 3682 1210 3776 patet
1242 3670 1282 3750 in
1318 3668 1501 3752 ecclesiis
1544 3668 1749 3774 regalibus

348 3818 483 3900 usque
516 3793 652 3874 modo.
695 3791 815 3873 Pater
848 3818 944 3873 vcro
985 3791 1268 3874 sanctissimus
1302 3793 1467 3874 bursam
1507 3815 1674 3872 auream
1707 3790 1746 3870 in

346 3913 501 3997 lumbis
542 3914 731 4021 gestabat
780 3917 968 3998 refertam
1018 3913 1194 3996 denariis
1242 3915 1332 4021 puri
1374 3913 1542 4019 argenti,
1576 3925 1618 3994 et
1649 3912 1746 3993 dum

347 4062 553 4145 pauperes
586 4036 769 4140 uidisset,
799 4063 898 4119 mox
931 4035 989 4118 ibi
1021 4037 1258 4138 accedebat,
1277 4050 1319 4117 et
1349 4035 1523 4144 propriis
1555 4034 1745 4117 manibus

348 4159 406 4242 eis
438 4158 696 4267 prouidebat.
729 4158 780 4239 Et
813 4160 904 4241 ideo
938 4153 1479 4265 (10110101)111100110010001
1511 4157 1743 4265 incorpore

348 4281 531 4364 exterius
565 4306 700 4362 coram
736 4281 865 4364 oculis
898 4280 1120 4386 Hungarie,
1138 4307 1272 4388 usque
1290 4281 1332 4362 in
1350 4279 1597 4362 hodiernum
1625 4278 1744 4360 diem.

848 4491 930 4575 XL.
962 4483 1237 4570 Incidenola.

501 4665 625 4744 Anno
657 4662 916 4746 dominiM-o
949 4665 1074 4748 XX·0
1107 4667 1190 4750 ΙΙ-0
1224 4669 1265 4750 111
1299 4666 1439 4750 multis
1472 4666 1573 4749 locis
1605 4665 1744 4747 inccn-

346 4786 414 4868 dia
446 4786 577 4869 multa
609 4799 650 4867 et
683 4811 832 4893 magna
865 4789 974 4870 faeta
1006 4803 1114 4892 snut,
1133 4791 1277 4898 ingens
1313 4789 1436 4870 etiarn
1471 4802 1577 4872 tene
1610 4801 1744 4870 motus

454 5024 480 5124 Ι)
508 5025 672 5106 visitarit.
704 5019 731 5122 ²)
760 5026 821 5104 illa
848 5028 924 5104 add.
954 5030 992 5104 Τ.
