3900 5762
944 436 1099 558 *bo—

316 669 549 781 semetipsis
582 671 807 780 quemdam
841 673 1033 754 eomitem
1064 673 1231 754 nomine
1250 673 1353 776 Aba,
1372 671 1574 757 sororium
1592 669 1728 756 saneti

315 794 421 900 regis
453 793 651 902 Stephani
684 821 884 902 superse
916 821 1056 898 regem
1090 795 1363 902 prefecerunt.
1397 797 1493 879 Aba
1524 822 1621 878 vero
1647 823 1725 878 rex

315 930 560 1022 congregato
594 918 779 999 exercitu
826 917 1117 1022 Hungarorum
1150 917 1349 1025 prooessit
1381 931 1522 1000 eontra
1554 917 1724 1000 Petrum

314 1051 584 1146 pugnaturus.
617 1038 799 1121 Cernens
833 1053 971 1120 autem
1005 1038 1148 1120 Petrus
1180 1038 1468 1144 Hungarorum
1518 1038 1722 1121 adiutorio

315 1186 360 1243 se
407 1160 631 1268 priuatum,
679 1161 797 1266 fugiit
839 1160 890 1241 ad
923 1159 1151 1243 Hemieum
1186 1159 1380 1244 Cesaram
1413 1162 1455 1242 in
1489 1161 1720 1266 Bouariam‚

314 1281 519 1390 petiturus
554 1282 756 1364 auxilium
791 1282 868 1365 sibi
897 1283 994 1362 dari.

421 1403 490 1485 26.
522 1403 640 1484 Petro
672 1403 812 1511 itaque
843 1405 894 1484 de
929 1405 1067 1509 Regno
1116 1404 1294 1510 effugato
1329 1404 1386 1485 illi
1420 1407 1584 1514 tyranni
1619 1433 1721 1514 quo·

317 1555 410 1609 rum
443 1524 612 1607 oonsilio
645 1525 782 1608 alssieti
815 1539 931 1607 erant
962 1526 1157 1631 Hungari
1190 1527 1467 1609 suntdeteeti.
1487 1526 1551 1608 Ex
1570 1529 1723 1635 quibus

315 1676 451 1736 unum
483 1647 524 1727 in
558 1647 687 1730 frusta
719 1648 999 1751 eoueiderunt,
1020 1648 1161 1730 oeulos
1194 1649 1370 1731 duorum
1402 1648 1582 1730 filiorum
1614 1650 1723 1733 eius·

315 1771 412 1852 dem
444 1781 663 1870 eruentes;
694 1769 795 1852 alios
828 1796 925 1852 vero
957 1770 997 1850 in
1017 1771 1231 1876 manganis
1258 1771 1400 1855 terreis
1418 1773 1721 1878 confregerunt,

315 1891 517 2002 quosdam
550 1891 757 1998 lapidibus
790 1894 1031 1975 obruentes.
1064 1890 1197 1974 Sebus
1228 1919 1326 1974 vero
1359 1894 1430 2001 qui
1461 1891 1723 1976 Waznloeu·

316 2016 377 2097 los
411 2027 584 2116 eruerat,
628 2015 805 2121 pedibus
853 2015 1071 2096 confractis
1103 2041 1151 2095 ae
1183 2015 1377 2098 manibus
1410 2016 1450 2096 in
1484 2030 1573 2097 rota
1604 2043 1723 2123 pere·

316 2148 491 2218 morunt.
541 2135 635 2217 Aba
680 2161 777 2218 vero
811 2137 851 2217 in
884 2163 1023 2242 regem
1057 2150 1309 2238 consecrate,
1360 2164 1410 2218 ea
1458 2165 1540 2245 que
1578 2137 1723 2221 Petrus

315 2270 514 2344 statuerat
544 2257 586 2338 in
617 2257 776 2344 irritum
809 2284 1022 2360 reuocans,
1053 2257 1348 2365 Hungarorum
1381 2260 1485 2342 seito
1515 2260 1634 2344 iussit
1650 2261 1723 2344 ob·

315 2405 493 2466 seruare.
539 2378 675 2462 Tertio
723 2395 863 2462 autem
911 2407 1019 2462 anno
1070 2381 1163 2463 Aba
1192 2380 1297 2486 regis
1335 2381 1550 2464 deseendit
1580 2382 1724 2465 Petrus

316 2531 390 2586 rex
433 2527 528 2582 eum
577 2499 755 2583 Henrieo
803 2502 952 2585 Cesare
1000 2503 1158 2584 elueens
1206 2503 1442 2585 marimum
1493 2504 1723 2586 exereitum

317 2635 460 2709 eontra
492 2623 642 2704 Abam.
675 2622 795 2720 Quod
827 2625 921 2706 Aba
953 2625 1052 2707 dum
1091 2625 1291 2728 sciuisset,
1341 2625 1508 2708 nuntios
1556 2626 1723 2708 mittens

316 2748 367 2831 ad
400 2744 593 2827 Cesarem
640 2747 843 2853 probauit,
892 2747 924 2829 si
959 2775 1056 2828 oum
1089 2774 1137 2829 eo
1170 2773 1319 2854 paoem
1363 2762 1505 2855 posset
1536 2749 1722 2830 ordinare

317 2871 383 2952 vel
416 2866 597 2948 minime.
631 2865 708 2950 Cui
740 2867 867 2952 Cesar
899 2868 941 2950 in
972 2869 1261 2976 respondendo
1294 2897 1337 2952 se
1371 2869 1550 2951 ostendit
1589 2870 1723 2951 inimi·

317 3020 426 3091 eum,
460 2988 754 3097 intellectoque
803 3005 850 3072 ut
896 2989 1129 3072 intenderet
1160 2992 1375 3074 restituere
1407 2991 1571 3072 Petrum
1607 2992 1722 3074 Hun-

317 3114 436 3224 garis
471 3112 596 3193 iratus
629 3112 781 3195 inuasit
813 3113 1035 3213 Austriam‚
1069 3128 1110 3194 et
1126 3139 1260 3220 usque
1278 3114 1317 3194 in
1335 3113 1511 3195 fluuium
1529 3113 1681 3196 Trense
1693 3110 1721 3220 ¹)

315 3234 518 3347 spoliauit,
553 3249 593 3313 et
625 3237 828 3342 posthoc
861 3248 923 3315 est
952 3262 1157 3318 reuersus.
1205 3235 1390 3316 Tandem
1425 3262 1593 3342 quoque
1626 3237 1722 3320 mis·

316 3371 361 3444 so
395 3356 583 3440 exercitu
623 3358 664 3438 in
708 3355 958 3440 Corinthiam
993 3384 1066 3464 pro
1098 3356 1229 3464 spolio
1261 3357 1464 3460 lireiendo,
1498 3385 1594 3440 eum
1628 3358 1721 3440 inde

316 3483 496 3564 redirent
516 3479 717 3582 honerosi,
736 3479 945 3560 (lotliidns
963 3480 1127 3560 Austrie
1146 3479 1326 3560 rnarehio
1344 3479 1451 3560 eirea
1468 3480 1678 3562 Petouiam
1690 3475 1720 3588 ²)

317 3604 515 3686 insultum
548 3601 704 3684 faciens
736 3629 862 3710 super
894 3627 976 3705 eos,
1011 3627 1153 3682 eorum
1187 3602 1463 3708 spoliafertnr
1489 3602 1720 3684 abstulisse.

316 3725 433 3808 Tune
466 3723 575 3804 enim
611 3725 777 3805 Austria
808 3749 890 3804 non
926 3725 1066 3826 (iures,
1107 3723 1177 3804 sed
1223 3724 1403 3804 habebat
1452 3724 1719 3806 marchiones.
1812 3721 1817 3728 ’

317 3846 507 3954 Cumque
542 3870 590 3926 eo
632 3859 817 3954 tempore
867 3844 1036 3927 Colonie
1084 3845 1252 3951 degeret
1298 3846 1532 3953 imperator,
1581 3847 1721 3928 audito

317 3971 427 4079 quod
459 3967 645 4072 Hungari
677 3967 927 4050 lacerassent
958 3968 1206 4049 Teutonicos
1225 3967 1313 4049 sine
1331 3994 1468 4068 eausa,
1487 3995 1582 4050 eum
1610 3967 1720 4076 prin·

316 4091 478 4199 cipibus
512 4085 798 4204 Alamannie³)
832 4089 1050 4172 eonsilium
1083 4087 1182 4190 iniit,
1223 4089 1398 4197 qualiter
1430 4091 1482 4172 ab
1513 4087 1719 4196 Hungaris

317 4214 470 4296 illatam
504 4209 583 4293 sibi
614 4209 818 4312 iniuriam,
844 4211 991 4293 iniuria
1023 4210 1143 4292 simili
1177 4211 1448 4319 propulsaret.
1481 4209 1612 4293 Mouit
1646 4212 1720 4294 ita·

316 4363 398 4445 que
431 4332 739 4442 expeditionem
773 4333 995 4441 ingentem,
1024 4344 1065 4413 et
1096 4333 1266 4415 norisilio
1300 4333 1416 4415 duris
1450 4333 1615 4416 Ratislai
1641 4335 1720 4416 Bo·

315 4459 545 4559 bernerum,
579 4481 631 4534 ex
666 4455 889 4563 aquilonali
920 4470 1035 4563 parte
1069 4454 1249 4537 llarrubii
1284 4455 1395 4535 venit
1427 4455 1476 4536 ad
1513 4455 1720 4562 Hungarie

316 4579 504 4662 confinia.
536 4577 675 4682 Legati
709 4605 806 4659 vero
840 4579 930 4660 Abe
963 4577 1068 4683 regis
1101 4591 1143 4656 et
1174 4577 1464 4683 Hungarornm
1506 4579 1720 4686 promitte·

316 4703 417 4786 bant
449 4699 598 4802 Cesari,
631 4713 678 4781 ut
711 4699 751 4782 in
785 4700 978 4782 omnibus
1026 4699 1319 4802 satisfacerent,
1363 4695 1481 4806 nisi⁴)
1516 4699 1614 4808 quia
1645 4699 1720 4781 Pe·

316 4891 425 4900 ·—u—--
472 4891 522 4898 ..-

424 4953 449 5053 ¹)
478 4959 622 5034 Gremse.
653 4959 681 5051 ¹)
711 4958 899 5033 Potoniam.
931 4949 961 5050 ³)
989 4955 1201 5032 Alemannis.
1234 4953 1261 5051 ⁴)
1291 4983 1370 5032 non.
