3898 5752
813 552 882 642 aut

310 783 365 858 Sic
394 789 541 860 castrum
581 783 675 862 iuxta
720 789 897 865 Merisium
939 783 1216 875 commemorans,
1255 783 1413 858 ¹meminit
1454 779 1555 856 simul

155 906 271 980 Sunad
311 906 372 980 filii
411 907 561 996 Dobuca,
602 911 659 1002 qui
693 915 830 1005 „postea
861 916 1012 1006 tempore
1042 909 1151 986 sancti
1180 907 1273 1001 regis
1301 905 1466 1000 Stephani
1495 904 1555 978 du·

153 1049 222 1100 cem
251 1028 375 1102 Ohtum
403 1029 587 1120 interfecit,
618 1032 669 1104 cui
701 1034 802 1107 etiam
831 1035 1005 1128 predictus
1034 1057 1094 1107 rex
1123 1055 1184 1126 pro
1212 1034 1301 1105 bono
1332 1027 1475 1104 seruitio
1495 1051 1556 1102 suo

152 1171 293 1223 uxorem
321 1155 354 1223 et
382 1156 529 1225 castrum
552 1145 683 1227 'Ohtum
711 1178 785 1229 cnm
814 1156 970 1230 omnibus
998 1153 1210 1250 appendiciis
1240 1153 1311 1228 suis
1340 1149 1555 1226 condonauit.

153 1271 247 1365 Quod
276 1277 426 1346 rastrum
456 1297 543 1348 nuurc
574 1277 687 1350 Sunad
718 1281 967 1372 nuncupatur.“
999 1279 1063 1352 XI.
1093 1276 1170 1368 Hic,
1201 1276 1229 1349 si
1259 1277 1317 1349 ille
1346 1275 1448 1348 Betae
1477 1271 1555 1346 lui

155 1395 320 1484 notarius
351 1396 521 1470 excidium
550 1399 652 1472 etiam
682 1401 784 1474 castri
814 1424 875 1495 per·
903 1402 1066 1475 Tartarus
1095 1401 1222 1474 tactum
1249 1397 1365 1492 pnuucis
1385 1393 1556 1489 attingere

152 1516 334 1609 potuisset.
369 1520 430 1612 „In
461 1542 582 1595 uurrora
611 1523 829 1616 peruenimus
866 1523 1109 1612 Cluanadinum
1157 1521 1216 1595 scd
1262 1517 1456 1614 precedenti
1504 1517 1558 1592 die

151 1661 170 1712 a
197 1639 355 1714 Tartaris
384 1647 519 1735 captum
548 1644 659 1718 fuerat
687 1650 721 1718 et
745 1646 990 1720 destructunr.“
1014 1643 1155 1739 Rogerii
1177 1643 1291 1717 miser.
1314 1664 1415 1715 carm.
1436 1641 1470 1715 G.
1492 1641 1554 1712 34.

309 1780 363 1854 hd
391 1783 598 1858 mentionem
627 1790 738 1860 terrac
767 1788 990 1880 Ketelpotaca
1021 1787 1260 1859 commemorat
1294 1781 1467 1855 Andreum
1504 1801 1555 1852 re-

152 1925 231 1996 gem
262 1903 372 1978 filium
400 1905 492 1980 Calui
520 1906 671 1981 Ladislai
703 1908 783 2002 „qui
813 1909 996 1984 cornhiauit
1025 1909 1124 1982 ilium
1151 1905 1296 1980 locurm.“
1329 1904 1406 1976 XV.

307 2025 466 2100 Fluuium
496 2027 623 2104 Souiou
650 2029 786 2124 saepius
825 2031 975 2106 nominat
1017 2035 1128 2124 (capp.
1162 2025 1363 2102 141617
1415 2025 1462 2098 22
1506 2026 1551 2096 31

151 2145 231 2246 33.)
262 2147 342 2242 quin
372 2171 506 2254 pugnae
535 2150 683 2226 infelicis
712 2175 787 2226 cum
817 2155 969 2228 Tartaris
998 2151 1197 2227 commissae
1225 2148 1447 2223 meminisset.

310 2270 494 2346 Occasione
523 2273 668 2367 denique
705 2275 921 2368 expeditious
958 2275 1085 2350 Tuhnti
1123 2274 1157 2347 in
1196 2277 1322 2347 terram
1359 2269 1554 2345 ultrasilva-

153 2414 245 2482 nam,
278 2414 345 2466 non
365 2393 492 2468 omittit
522 2395 662 2470 Gentem
691 2397 880 2472 minorem:
933 2400 1091 2486 „Terram
1138 2394 1401 2470 ultrasiluanam
1442 2393 1554 2486 poste·

150 2514 238 2590 ritus
269 2515 442 2590 Tuhutum
473 2520 648 2612 usquead
685 2525 819 2615 tempus
860 2523 892 2595 S.
923 2523 1016 2615 regis
1061 2517 1227 2612 Stephani
1272 2517 1475 2604 hahuerunt,
1522 2517 1556 2586 et

155 2636 292 2711 diutius
319 2639 531 2729 habuissent,
562 2641 591 2716 si
620 2643 730 2718 minor
759 2644 867 2720 Geula
895 2667 970 2718 cum
998 2644 1128 2718 duetus
1164 2639 1247 2714 filiis
1282 2638 1354 2714 suis
1387 2635 1489 2712 Biuiu
1522 2639 1556 2709 et

153 2763 276 2864 Bucna
296 2761 475 2836 christiani
496 2787 570 2838 esse
591 2767 814 2840 vriluissent.“
839 2767 972 2840 XXIV.
1002 2764 1128 2838 Fusius
1145 2763 1185 2836 de
1202 2762 1332 2836 iisdem.
1350 2762 1385 2835 O.
1402 2759 1555 2834 XXVII.

311 2882 511 2980 Auoupmus
539 2893 616 2981 post
647 2887 717 2962 tuta
745 2890 848 2962 Betae
877 2889 956 2964 Iti-i
986 2886 1150 2976 scribens
1181 2907 1240 2959 cur
1260 2881 1467 2958 nrarrtiouem
1487 2882 1556 2954 cla·

151 3004 207 3077 dis
238 3005 422 3080 tartaricae
451 3005 589 3082 silentio
618 3011 900 3102 praetereundam
928 3009 1076 3098 duxerit,
1107 3031 1174 3082 nou
1202 3006 1322 3099 liquet.
1368 3005 1556 3098 Huugaros

150 3129 245 3200 certe
275 3149 294 3199 a
322 3128 466 3201 Bauaris
496 3134 529 3203 et
558 3129 757 3206 Alemannis
791 3131 898 3206 victos
936 3137 970 3206 et
1006 3129 1208 3225 profligatos
1254 3126 1363 3200 fuisse
1408 3125 1556 3220 ingenue

152 3249 308 3336 tutatum
339 3250 506 3344 ducesque
536 3275 652 3326 eorum
681 3257 799 3347 captos
829 3255 863 3326 et
891 3252 1060 3348 supplicio
1087 3252 1227 3326 affectos
1257 3246 1438 3323 memoriae
1475 3269 1554 3340 pos·

151 3377 307 3446 terorum
335 3373 478 3466 prodere
507 3396 574 3448 nnn
604 3381 754 3448 veretur.
790 3377 895 3464 „Lclu
925 3379 958 3449 et
986 3376 1118 3449 Bulsuu
1147 3372 1237 3466 capti
1268 3375 1358 3462 sont,
1398 3373 1432 3442 et
1459 3368 1557 3442 iuxta

151 3493 295 3567 fluuium
323 3493 394 3568 Hin
422 3494 458 3568 iu
486 3495 639 3589 patibulo
669 3497 862 3592 suspende
895 3499 965 3572 LV.

312 3618 345 3689 3.
375 3617 495 3692 Graeci
524 3618 700 3713 Hungaris
728 3619 768 3692 ad
798 3619 974 3693 meridiem
1003 3617 1151 3706 finitimi,
1200 3617 1229 3692 si
1271 3613 1427 3689 notarius
1469 3614 1555 3688 fiucs

152 3737 252 3832 regni
283 3761 345 3813 sua
382 3743 492 3814 aetate
530 3739 736 3816 constitutos
783 3742 945 3838 respexit,
994 3743 1108 3815 uotam
1153 3743 1344 3832 temporum
1388 3737 1553 3830 praebere

149 3860 313 3934 uidentur
340 3863 460 3936 Belum
488 3863 535 3936 IV
565 3885 680 3957 regem
712 3865 986 3958 praecedentium
1057 3863 1156 3950 „Dux
1202 3883 1282 3934 uero
1328 3859 1428 3932 Zulta
1475 3859 1555 3952 post

151 3983 388 4058 reuersienem
416 3983 563 4058 militum
593 4008 732 4060 suornm
761 3987 835 4060 fixit
866 3990 973 4060 metas
993 3984 1204 4080 Hungarinc‚
1234 4005 1284 4057 ex
1305 3983 1431 4076 purte
1450 4002 1554 4074 gre·

149 4129 317 4179 corum
345 4129 451 4200 usque
480 4109 521 4181 ad
550 4111 684 4202 portam
711 4109 835 4198 Wacil,
866 4112 900 4183 et
928 4131 1035 4202 usque
1063 4107 1105 4182 ad
1134 4113 1261 4181 terram
1288 4105 1417 4198 Racy.“
1442 4101 1553 4177 LVII.

309 4229 428 4304 Graeci
459 4253 566 4324 usque
599 4231 639 4304 ad
683 4231 813 4305 exitum
859 4231 1105 4304 Comnennrum
1150 4227 1377 4322 possederunt
1421 4224 1555 4317 aliquos

149 4353 293 4426 ducatus
322 4352 520 4446 Huugariae
548 4352 689 4444 uicinos,
725 4354 904 4447 praecipue
933 4355 1092 4426 «ducatum
1121 4356 1154 4424 et
1183 4354 1333 4424 castrum
1362 4344 1553 4422 Branisoua

148 4495 258 4567 prope
286 4473 376 4548 ostia
405 4475 497 4549 fluvii
529 4477 694 4564 hierenae,
726 4483 757 4548 et
786 4475 1019 4550 Naisseusem.
1049 4472 1240 4548 Brauisovu
1273 4469 1422 4545 Brendis
1452 4467 1556 4542 etiam

149 4599 205 4670 rel
236 4597 482 4686 Brundusium,
513 4598 677 4691 hungaris
721 4621 798 4672 nere
826 4601 962 4673 Borens
989 4598 1041 4670 vel
1071 4599 1184 4671 Brenn
1213 4594 1414 4680 dicebatur·;
1453 4588 1554 4664 Nais·

148 4719 263 4795 sensis
292 4718 468 4814 provincia
496 4725 648 4812 tempore
678 4721 906 4814 expeditionis
935 4720 1095 4794 asiaticae
1124 4716 1343 4812 imperatoris
1383 4712 1553 4787 Fridcrici

148 4845 165 4914 Ι
197 4841 332 4936 graecis
361 4841 427 4915 iam
452 4845 570 4936 crepta
598 4842 720 4916 suerat.

307 4965 413 5038 Porta
441 4963 563 5052 Wacil,
612 4988 669 5038 scu
713 4970 830 5058 portae
870 4968 903 5040 S.
946 4966 1082 5056 Basilii,
1126 4965 1327 5039 dicebantur
1372 4955 1553 5058 angustiae

146 5085 272 5164 Haemi
302 5085 428 5162 montis
457 5085 491 5162 iu
521 5087 646 5166 tinibus
681 5089 875 5186 Bulgariac.
