4024 5776
1082 440 1125 520 al

287 683 540 770 xmnrmax,
574 683 615 749 et
647 696 728 752 nun
762 667 933 749 haberet
962 663 967 766 l
996 668 1103 750 circa
1136 696 1180 750 se
1199 669 1329 750 banos
1357 668 1520 770 milites,
1540 685 1581 751 et
1607 669 1808 752 auderent

401 809 508 874 stare
541 808 680 873 cantra
715 791 922 872 audatiam
974 790 1274 894 lnnrgamnun.
1324 790 1426 887 Quia
1477 819 1502 874 a
1545 794 1732 875 cumanis
1767 807 1807 872 et

401 914 601 1022 picenatis
652 913 802 995 nmltas
850 913 1018 994 iniurias
1068 927 1317 1020 paterentur.
1375 911 1529 992 xxvl
1569 908 1809 1009 Quomodo

403 1037 566 1114 eontra
592 1028 711 1111 Gelu
736 1030 859 1110 itum
880 1036 964 1110 σοι.

400 1156 751 1239 TuncTulrutmn
786 1156 927 1237 audita
954 1154 960 1267 Ι
988 1156 1172 1238 bonitate
1205 1170 1310 1237 terre
1343 1157 1464 1259 illius,
1500 1157 1610 1240 misit
1651 1158 1808 1264 legatus

367 1300 498 1371 5suos
532 1279 580 1360 ad
617 1280 765 1360 ducem
801 1278 940 1386 arpnrl,
974 1292 1020 1359 ut
1053 1277 1131 1360 sibi
1159 1276 1163 1387 Ι
1194 1278 1400 1360 licentiam
1420 1279 1536 1360 daret
1556 1280 1664 1361 ultra
1680 1279 1807 1363 siluas

401 1402 527 1483 eundi
561 1414 701 1482 cantra
736 1400 858 1506 geluu
890 1399 1040 1482 ducem
1074 1395 1279 1513 pugsnare.
1314 1398 1411 1482 l)ux
1440 1427 1539 1483 uero
1562 1401 1688 1508 arpad
1707 1403 1808 1483 initu

402 1523 583 1625 (termille,
634 1524 892 1604 uoluntatem
943 1521 1139 1604 tulmtum
1183 1515 1388 1638 lauldauit,
1433 1536 1474 1604 et
1517 1523 1552 1604 ei
1597 1524 1807 1605 licentiam

401 1647 509 1727 ultra
540 1644 666 1728 siluas
703 1661 845 1726 contra
877 1644 999 1750 gelon
1032 1637 1225 1758 pugualre
1258 1645 1473 1727 concessit.
1507 1645 1596 1726 Hoc
1622 1646 1721 1728 dum
1740 1660 1807 1728 tu·

402 1767 551 1849 hutum
584 1767 811 1850 audiuisset
845 1793 869 1846 a
901 1766 1036 1871 legato
1069 1761 1315 1880 preparduit
1346 1793 1390 1849 se
1424 1794 1520 1848 eum
1548 1767 1633 1850 suis
1666 1767 1808 1849 militi·

343 1889 492 1992 10bus,
526 1903 567 1970 et
599 1888 776 1973 dimissis
810 1888 863 1969 ibi
907 1888 1028 1969 sociis
1060 1888 1145 1969 suis
1188 1915 1375 1994 egressus
1404 1887 1410 2000 Ι
1439 1905 1501 1971 est
1537 1889 1646 1972 ultra
1677 1889 1806 1972 siluas

400 2039 547 2094 uersus
589 2013 789 2093 orientem
834 2022 976 2092 contra
1015 2009 1137 2115 gelon
1179 2011 1328 2091 ducem
1378 2011 1603 2092 blacorum.
1633 2010 1639 2116 Ι
1668 2011 1803 2096 Gelou

400 2161 501 2216 uem
534 2134 619 2214 dux
654 2133 762 2215 ultra
793 2132 979 2215 siluanus
1011 2131 1182 2214 audiens
1216 2132 1442 2214 aduentum
1463 2132 1551 2214 eius
1579 2159 1803 2240 congrega·

401 2255 462 2338 uit
490 2253 494 2363 Ι
524 2255 754 2336 exercitum
786 2283 907 2337 suum
943 2267 984 2336 et
1016 2254 1126 2362 cepit
1154 2254 1417 2337 uelocissimo
1451 2283 1575 2338 cursu
1617 2256 1803 2364 equitare

402 2377 569 2459 obuiam
603 2379 651 2480 ei,
681 2377 686 2488 Ι
715 2391 762 2459 ut
794 2405 889 2459 eum
924 2403 997 2483 per
1014 2390 1151 2484 portas
1180 2377 1407 2460 mezesiuas
1441 2377 1691 2484 prohiberet.
1720 2375 1802 2458 Sed

401 2499 597 2581 tulmtnm
632 2525 714 2580 nno
743 2495 748 2610 Ι
777 2499 842 2579 die
877 2498 1025 2581 siluam
1059 2499 1347 2605 pertransiens,
1375 2499 1426 2580 ad
1463 2498 1638 2581 lluuium
1672 2499 1803 2584 almas

344 2621 604 2730 luperuenit.
636 2621 753 2702 'l‘nnc
775 2636 950 2726 uterque
979 2618 984 2730 Ι
1014 2621 1222 2703 exercitus
1239 2621 1290 2701 ad
1309 2620 1488 2704 inuicem
1509 2637 1802 2728 peruenerunt,

402 2743 538 2826 medin
570 2741 696 2825 fluuio
730 2742 1010 2824 interiacente.
1044 2742 1144 2825 Dux
1174 2740 1178 2852 Ι
1208 2768 1307 2824 uero
1330 2743 1453 2848 gelon
1486 2742 1656 2826 uolebat
1688 2743 1802 2852 quod

402 2866 459 2948 ibi
492 2891 561 2956 eos
594 2865 830 2972 prohiberet
863 2893 956 2946 cnm
992 2864 1208 2970 sagittariis
1233 2864 1329 2948 suis,
1357 2859 1536 2942 xxvn
1562 2860 1632 2940 Do
1657 2867 1804 2944 morto

403 2980 535 3067 Gelu.

403 3108 525 3192 Mane
557 3123 695 3192 autem
729 3110 837 3192 factu
869 3109 1082 3192 Tnhutmn
1112 3106 1241 3219 laute
1282 3136 1473 3192 auroram
1509 3109 1650 3193 diuisit
1685 3135 1805 3191 exer·

405 3233 531 3315 eitum
567 3259 687 3315 suum
724 3231 764 3313 in
798 3231 901 3314 duas
935 3243 1071 3340 partes
1100 3229 1105 3341 Ι
1135 3243 1176 3312 et
1207 3245 1365 3339 partem
1399 3232 1568 3313 alteram
1604 3233 1715 3316 misit
1731 3258 1804 3340 pa-

342 3364 495 3440 aurum
529 3354 730 3462 superius,
763 3368 809 3436 ut
840 3353 1009 3435 transito
1041 3352 1168 3435 fluuio
1202 3347 1409 3465 militibus
1434 3355 1557 3460 gelon
1582 3353 1806 3438 nescienti·

403 3478 483 3559 bus
516 3503 697 3584 pugnam
732 3476 1053 3580 ingrederentur.
1072 3473 1193 3570 Quod
1224 3475 1282 3556 sie
1303 3477 1459 3559 factum
1486 3490 1560 3560 est.
1590 3474 1595 3586 Ι
1623 3476 1676 3558 Et
1708 3476 1806 3582 quia

405 3599 541 3681 leuem
574 3599 810 3681 habuerunt
839 3598 1070 3700 transitum,
1104 3611 1279 3705 utraque
1313 3599 1422 3682 acies
1455 3598 1505 3678 ad
1525 3591 1804 3708 pugluandmu

404 3733 696 3828 peruenerunt.
729 3721 782 3801 Et
812 3734 1041 3828 pugnatum
1078 3733 1141 3802 est
1172 3719 1278 3801 iuter
1310 3746 1380 3802 eos
1412 3719 1569 3823 acriter,
1601 3721 1674 3803 sed
1707 3717 1803 3801 uicti
1891 3829 1894 3834 Ι
1964 3783 1965 3830 Ι

404 3854 500 3924 sunt
528 3839 533 3951 Ι
562 3842 711 3924 milites
744 3843 861 3926 ducis
893 3843 1027 3947 gelum
1062 3855 1103 3923 et
1135 3869 1188 3924 ex
1223 3843 1280 3923 eis
1313 3841 1434 3924 multi
1467 3842 1682 3946 interlecti,
1711 3841 1804 3951 plu·

403 3991 468 4047 res
500 3989 599 4047 uero
633 3965 755 4073 capti.
806 3965 912 4046 Cum
942 3963 947 4072 Ι
976 3963 1098 4069 gelon
1146 3965 1233 4046 dux
1280 3991 1422 4047 eurum
1470 3964 1588 4071 hort)
1622 3965 1803 4063 uidisset,

404 4103 504 4170 tunc
537 4113 609 4196 pro
643 4085 881 4169 defensione
915 4086 1000 4168 uite
1044 4114 1138 4168 cum
1182 4086 1325 4194 paucis
1361 4079 1508 4200 strigam
1558 4088 1679 4194 cepit.
1727 4083 1803 4182 Qui

345 4215 500 4292 25cum
533 4212 693 4312 lugeret
724 4233 949 4318 properans
982 4207 1032 4289 ad
1068 4222 1245 4290 castrum
1289 4236 1410 4289 suum
1460 4209 1577 4290 iuxta
1623 4205 1801 4324 lluJuium

404 4334 554 4414 Zomus
586 4332 779 4441 positum,
814 4331 963 4412 milites
996 4329 1189 4412 tulrutum
1224 4331 1369 4412 audaci
1404 4359 1526 4413 cursu
1545 4325 1803 4444 persequeul-

405 4469 466 4538 tes
499 4455 649 4536 ducem
667 4453 843 4536 Geloum
864 4454 980 4534 iuxta
996 4451 1168 4533 fluuium
1188 4480 1317 4560 copus
1337 4451 1642 4534 interlererunt.
1665 4445 1802 4536 'l'unc'

407 4577 654 4660 habitatores
687 4590 792 4658 terre
814 4575 1001 4657 uidentes
1019 4591 1192 4657 mortem
1227 4575 1380 4657 domiui
1415 4576 1490 4679 sui,
1528 4601 1603 4656 sua
1643 4574 1804 4684 propria

407 4700 619 4782 uoluntate
648 4697 654 4810 Ι
683 4699 898 4780 dexteram
932 4697 1078 4780 dantes
1110 4697 1324 4778 dominnm
1365 4697 1442 4780 sibi
1487 4698 1702 4804 elegerunt
1741 4713 1819 4778 tu··

406 4889 612 4900 ——n--u-

509 4959 544 5058 *Ι
572 4960 640 5036 alio
668 4965 858 5036 atramento
887 4959 1051 5034 additum.
