3900 5762
1003 533 1153 648 Q

378 741 508 842 trariis
540 758 735 842 falleretis
767 758 960 842 introiuit.
996 760 1071 844 Cui
1106 763 1191 845 dux
1227 760 1396 869 Geycha
1414 771 1598 840 montem
1617 757 1769 866 Kysccu

380 895 421 962 et
453 881 630 963 insulam
665 880 845 964 Danubii
880 882 987 963 circa
1028 883 1247 966 daurinum
1291 882 1404 963 dedit
1455 907 1527 988 pro
1576 880 1773 962 descensu

379 1017 519 1084 etemo
567 1005 638 1085 ubi
686 1016 865 1086 rastrum
915 1003 1198 1112 lig(29)neum
1248 1004 1424 1105 faciens,
1470 1001 1568 1083 fecit
1615 1027 1772 1109 quoquc

378 1126 418 1206 in
462 1125 606 1206 eodem
655 1141 795 1207 monte
840 1127 1060 1209 cenobium
1104 1129 1176 1209 ubi
1219 1139 1280 1208 ost
1322 1125 1564 1207 tumulatus.
1599 1121 1663 1204 De
1695 1121 1773 1204 istis

379 1246 544 1327 Hedriei
577 1247 786 1353 generatio
819 1247 1040 1331 deriuatur.

428 1561 556 1642 XXII.
590 1552 838 1639 (laueratlo
866 1557 1090 1640 Vacalllnl
1117 1557 1175 1640 ‹la
1203 1557 1453 1640 Alamannia
1479 1555 1720 1638 vanlautla.

536 1807 734 1890 Ascendit
767 1833 933 1915 quoque
966 1809 1017 1888 de
1050 1809 1222 1891 Bauaria
1257 1807 1494 1888 Vecellinus
1520 1805 1778 1887 videlieetde

382 1925 655 2034 Wazunburg.
689 1926 768 2024 Qui
802 1957 896 2011 cum
931 1944 1072 2012 sancto
1106 1929 1316 2038 Stephano
1349 1931 1387 2010 in
1422 1928 1603 2036 Symigio
1637 1923 1779 2034 Cupau

379 2050 528 2131 ducem
562 2050 776 2132 interfecit.
811 2049 1060 2158 Capitaneus
1095 2053 1204 2134 enim
1238 2053 1446 2133 exercitus
1464 2049 1600 2130 extitit
1616 2048 1686 2131 illo
1706 2047 1779 2130 die.

377 2171 442 2253 Ex
476 2172 562 2255 istis
593 2171 698 2254 daho
732 2173 914 2256 nascitur
945 2174 1192 2282 principium
1228 2189 1269 2254 et
1301 2173 1424 2279 origo.

634 2485 784 2569 xxm.
818 2478 1064 2565 ueneratio
1091 2482 1220 2566 Eunt
1246 2490 1294 2565 at
1321 2483 1523 2564 Pamau.

537 2730 740 2814 Adiciunt
780 2731 903 2813 ctiam
946 2733 1032 2816 istis
1074 2733 1220 2816 diebus
1262 2733 1377 2816 Hunt
1420 2749 1461 2813 et
1501 2732 1674 2832 Pazuan,
1717 2733 1785 2842 qui

381 2869 570 2937 sanctum
605 2853 863 2962 Stephanum
904 2882 1041 2960 regem
1077 2855 1116 2938 in
1149 2855 1275 2938 fluuio
1308 2856 1446 2938 Goron
1480 2853 1613 2961 gladio
1647 2851 1785 2938 Then-

382 2976 517 3058 tcnico
556 3002 668 3058 moro
711 2977 992 3059 accinxerunt.
1033 2977 1208 3060 Istorum
1254 3005 1434 3085 namque
1477 2977 1685 3082 generatio
1735 2981 1786 3061 ab

383 3098 468 3182 istis
500 3099 737 3182 nominibus
770 3099 920 3182 distare
953 3126 1036 3181 uon
1069 3099 1241 3182 videtur.
1279 3101 1452 3183 Istorum
1487 3101 1625 3206 itaquo
1658 3101 1787 3183 comi·

381 3237 468 3305 tum
504 3221 589 3304 dux
625 3221 793 3330 Geycha
824 3221 953 3308 fretus
986 3220 1153 3322 auxilie,
1173 3236 1214 3303 et
1238 3235 1407 3305 sauctus
1440 3249 1514 3304 rex
1547 3219 1787 3329 Stephanus

381 3372 481 3430 suus
516 3343 632 3444 filius,
677 3357 718 3424 et
758 3341 899 3425 diuino
943 3343 1090 3450 potius,
1134 3343 1336 3452 quosdam
1368 3344 1544 3427 rebelles
1576 3371 1786 3429 munorum

382 3466 615 3567 terroribus,
660 3465 879 3548 nonnullos
923 3465 1150 3548 voluntarie
1199 3481 1490 3549 conuerterant
1531 3467 1580 3546 ad
1632 3467 1789 3576 baptis·

381 3616 509 3690 mum,
544 3613 648 3694 quos
681 3587 847 3696 quidem
884 3588 1054 3670 comites
1088 3601 1170 3670 tam
1206 3589 1291 3669 dux
1327 3589 1506 3696 Geyoha‚
1535 3614 1659 3694 quam
1679 3589 1790 3673 filius

381 3737 482 3793 suus
522 3709 614 3791 latis
648 3722 686 3790 ct
730 3709 877 3816 amplis
920 3709 1226 3812 hereditatibus
1270 3737 1341 3818 pro
1389 3711 1567 3819 ipsorum
1610 3711 1788 3794 seruitiis

382 3831 578 3930 diffluere,
614 3845 733 3938 prout
765 3846 937 3938 apparet
967 3859 1080 3914 nunc
1112 3833 1342 3915 manifeste.
1377 3833 1455 3929 Qui
1489 3831 1660 3940 quidem
1683 3849 1789 3916 teru-

382 3953 491 4062 poris
524 3953 565 4033 in
599 3979 795 4060 processu
836 3953 1000 4060 ungaris
1044 3981 1118 4062 per
1161 3969 1395 4038 contractus
1429 3954 1789 4039 matrimoniorum

383 4091 478 4157 sunt
513 4074 700 4156 immixti.
737 4074 911 4158 Istorum
947 4076 1068 4156 etiam
1105 4077 1273 4160 consilio
1293 4077 1504 4159 etauxilio
1537 4079 1789 4186 superhuu·

383 4225 499 4304 garos
532 4225 604 4277 rex
640 4211 702 4280 cst
734 4197 991 4298 constitutus,
1035 4193 1260 4306 pluresque
1292 4199 1452 4282 nobiles
1485 4199 1660 4306 hungari
1693 4201 1789 4285 duci

384 4320 529 4428 Cupan
563 4319 820 4420 adherentes
855 4319 1107 4426 baptismum
1143 4319 1350 4430 fidemque
1373 4337 1615 4429 respuentes
1632 4323 1686 4405 ad
1704 4339 1790 4406 tm·-

383 4442 448 4551 pia
484 4441 654 4524 seruicia
689 4455 785 4524 sunt
818 4441 983 4522 detrusi.
1017 4437 1141 4549 Illis)
1175 4470 1355 4550 namque
1388 4445 1427 4524 in
1461 4441 1696 4556 gerendis²)
1729 4447 1791 4528 iu·

384 4563 545 4646 dicatus
578 4579 663 4645 erat
696 4563 880 4664 nobilior,
915 4563 986 4669 qui
1019 4563 1112 4643 fidei
1145 4563 1290 4648 Christi
1326 4567 1445 4648 citius
1478 4566 1718 4652 adhesisset.

502 4737 521 4745 ..-
530 4739 548 4743 -.,

493 4819 518 4920 ¹)
548 4821 617 4896 illo.
650 4821 677 4914 ²)
707 4821 818 4896 rebus.
849 4819 924 4895 add.
955 4821 992 4894 Τ.
