3900 5762
989 469 1144 592 ps-

364 711 483 793 dicit:
516 722 674 817 septem
709 706 927 812 hungaros.
956 703 998 785 Si
1031 731 1125 812 ergo
1158 717 1321 813 septem
1353 706 1426 788 soli
1460 720 1558 788 sunt
1591 706 1764 813 hungari

366 863 462 915 cum
493 832 660 933 familia,
684 840 726 911 et
756 855 840 908 non
872 829 1012 935 plures
1044 828 1199 909 larrrilie
1231 854 1384 911 uxores
1416 827 1489 908 filii
1520 828 1603 908 filie
1637 829 1767 936 accipi

365 965 540 1064 possunt
572 953 680 1035 serui
714 965 755 1032 et
786 950 956 1031 ancille:
999 949 1205 1056 numquid
1238 950 1345 1030 enim
1381 978 1477 1032 cum
1510 950 1581 1032 tali
1613 951 1769 1032 familia

367 1103 494 1184 regna
525 1088 701 1184 possunt
732 1073 990 1179 expugnari?
1022 1072 1154 1154 Absit.
1173 1071 1336 1152 Accidit
1355 1083 1495 1152 antem
1513 1073 1769 1180 temporibus

367 1199 516 1280 Toxun
550 1197 828 1302 hungarorum
863 1194 1093 1275 exercitum
1125 1219 1269 1276 versus
1302 1194 1478 1274 Galliam
1511 1221 1584 1302 pro
1617 1194 1769 1302 accipi·

369 1321 485 1402 endis
518 1320 656 1428 spolys
690 1315 936 1398 ascendisse.
961 1315 1152 1411 Quicum
1176 1315 1217 1396 in
1235 1309 1369 1396 reditu
1386 1314 1499 1396 Reno
1517 1330 1767 1398 transmeato

367 1442 488 1524 diuisi
520 1443 654 1522 forent
684 1439 727 1520 in
761 1451 841 1520 tres
873 1451 1022 1544 partes,
1040 1437 1122 1518 due
1154 1437 1241 1518 sine
1275 1438 1440 1540 honore,
1460 1465 1545 1518 una
1576 1465 1672 1521 cum
1693 1438 1767 1519 ho·

366 1591 465 1646 nore
499 1564 539 1644 in
572 1560 825 1666 Hungariam
859 1559 1149 1644 descendebat.
1168 1559 1302 1654 Quam
1335 1559 1420 1640 dux
1443 1558 1623 1641 Saxonie
1655 1560 1767 1668 apud

367 1687 580 1770 stacum
611 1682 832 1787 'l‘huringie
882 1683 1092 1763 ciuitatem
1137 1681 1225 1763 sine
1269 1680 1343 1763 Vll
1385 1681 1579 1787 hungaris
1623 1708 1766 1764 omnes

367 1807 582 1890 interfecit.
605 1804 773 1910 Septem
806 1817 947 1885 autem
980 1831 1033 1884 ex
1066 1803 1164 1910 ipsis
1195 1803 1414 1885 reseruatis
1446 1804 1671 1910 amputatis
1693 1831 1766 1886 au·

367 1931 481 2013 ribus
513 1928 624 2010 misit
654 1927 695 2006 in
729 1926 994 2008 Pannoniam.
1031 1925 1090 2006 Ite
1124 1924 1256 2032 inquit
1288 1925 1337 2006 ad
1371 1941 1528 2008 vestros
1560 1925 1766 2032 hungaros

367 2053 503 2134 taliter
534 2061 783 2150 enarrantes,
808 2061 854 2128 ut
885 2048 1063 2155 arrrplius
1095 2074 1180 2127 non
1211 2047 1380 2128 veniant
1411 2047 1453 2128 in
1485 2047 1597 2129 hunc
1629 2049 1765 2130 locum

367 2184 678 2258 tormentorum.
710 2169 804 2250 Due
845 2195 943 2250 vero
984 2183 1121 2278 partes
1163 2169 1245 2250 iam
1278 2167 1473 2250 Sueuiam
1518 2169 1766 2252 introierant.

370 2297 521 2407 Audito
554 2307 601 2376 nt
632 2292 839 2374 acciderat
869 2318 1009 2373 eorum
1056 2318 1174 2399 socys
1216 2303 1257 2371 et
1297 2291 1492 2397 cognatis,
1525 2291 1768 2374 dimiserunt

369 2418 500 2527 spolia
531 2416 718 2522 accipere
750 2413 791 2494 in
825 2412 989 2516 Sueuia,
1023 2427 1064 2495 et
1097 2413 1298 2520 quidquid
1332 2413 1390 2496 eis
1429 2414 1605 2495 occurrit
1637 2441 1661 2495 a
1691 2413 1767 2495 fln-

368 2541 479 2621 mine
511 2537 649 2620 Illirioi
681 2561 813 2643 usque
845 2535 998 2618 llumen
1033 2534 1142 2638 Saar,
1178 2537 1266 2618 siue
1299 2535 1455 2644 Leytah
1469 2531 1497 2643 ¹)
1530 2535 1768 2618 occiderunt

368 2664 421 2744 ab
453 2660 621 2742 homine
653 2685 787 2764 usque
820 2659 870 2739 ad
904 2685 1045 2766 pecus.
1077 2657 1283 2763 Hungaris
1304 2672 1443 2739 autem
1462 2657 1643 2740 Vllsinc
1661 2659 1768 2740 auri·

369 2787 459 2887 buS,
493 2809 566 2891 pro
600 2807 647 2861 eo
680 2795 727 2861 ut
758 2779 841 2861 viui
872 2781 1092 2882 redierunt,
1112 2794 1153 2861 et
1184 2805 1228 2862 se
1262 2779 1392 2860 occidi
1426 2807 1522 2861 cum
1549 2806 1768 2889 socysnon

370 2908 593 3012 elegerunt,
628 2901 902 2984 communitas
920 2903 1046 2983 talem
1064 2902 1309 2982 sententiam
1330 2901 1491 2984 dedisse
1510 2901 1769 3009 perhibetur:

371 3027 635 3132 Omniaque
668 3024 879 3107 habebant
910 3025 1148 3125 amiserunt,
1182 3039 1266 3104 tam
1300 3023 1339 3104 in
1377 3051 1421 3104 re
1462 3024 1608 3128 stabili,
1643 3051 1770 3130 quam

369 3150 521 3252 mobili,
555 3151 607 3231 ab
643 3147 843 3230 uxoribus
886 3161 928 3228 et
967 3146 1105 3254 pueris
1146 3147 1237 3228 illos
1279 3159 1529 3254 separantes,
1574 3145 1771 3256 pedite(s)

368 3274 456 3356 sine
490 3270 649 3372 calceis,
667 3269 880 3378 proprium
896 3268 955 3348 nil
971 3268 1124 3351 habere
1143 3268 1430 3376 permiserunt.
1455 3266 1629 3376 Semper
1646 3270 1771 3350 etiam

370 3393 540 3480 insimul
582 3393 633 3474 de
682 3391 978 3474 thabemaculo
1021 3391 1061 3471 in
1107 3389 1449 3472 thabernaculum
1498 3390 1777 3472 mendicando

368 3544 503 3626 usque
534 3516 635 3596 dum
668 3515 857 3596 viuerent
888 3513 945 3594 ire
979 3512 1282 3620 compulerunt.
1301 3511 1381 3608 Qui
1409 3512 1578 3620 quidem
1610 3525 1774 3620 septem

370 3642 423 3722 ob
456 3639 654 3722 offensam
688 3635 923 3718 huiusmodi
950 3635 1088 3716 Lazari
1121 3648 1219 3717 sunt
1251 3634 1396 3717 vocati.
1415 3633 1478 3714 Ex
1511 3634 1598 3717 istis
1629 3635 1774 3742 itaque

370 3763 429 3844 sic
462 3759 694 3867 dampnatis
725 3758 875 3864 vulgus
907 3757 1016 3857 dicit,
1038 3783 1121 3838 non
1147 3757 1199 3837 de
1231 3770 1393 3865 septem
1426 3756 1652 3864 capitaneis
1685 3757 1774 3839 istis

371 3882 525 3992 primis.
558 3881 748 3962 Pretcrea
780 3907 875 3961 cum
908 3880 960 3962 sit
993 3879 1299 3986 quodammodo
1343 3879 1554 3986 proprium
1596 3879 1775 3960 munda·

371 4032 520 4088 norum
553 4001 780 4108 amogantie
813 4001 1005 4108 plausum
1035 4001 1129 4109 plus
1156 4000 1269 4084 dese
1302 4027 1525 4103 assumere,
1559 4026 1685 4108 quam
1719 4028 1774 4082 ex

344 4230 347 4236 Ι
370 4126 513 4210 alienis
532 4124 601 4234 (de
621 4151 666 4207 se
698 4123 797 4231 ipsis
829 4135 1137 4231 componentes,
1149 4118 1179 4230 ²)
1198 4123 1290 4205 ideo
1322 4123 1388 4206 isti
1406 4123 1611 4231 capitanei
1628 4121 1705 4204 VII
1722 4123 1775 4205 de

370 4277 415 4334 se
448 4248 546 4356 ipsis
578 4246 804 4328 cantilenas
838 4259 1146 4354 componentes,
1179 4247 1368 4328 fecerunt
1399 4245 1504 4326 inter
1535 4272 1579 4328 se
1620 4245 1775 4328 decan·

369 4372 445 4454 tari
478 4372 530 4452 ob
563 4369 755 4478 plausum
790 4368 1031 4466 secularem,
1053 4381 1094 4448 et
1126 4367 1450 4475 diuulgationem
1485 4367 1548 4450 sui
1581 4369 1774 4470 nominiS,

371 4508 418 4577 ut
448 4492 567 4601 quasi
600 4519 743 4575 eorum
776 4491 991 4598 posteritas
1026 4489 1101 4598 hys
1133 4491 1283 4574 auditis
1317 4491 1421 4571 inter
1438 4490 1594 4572 ricinos
1613 4503 1654 4570 et
1671 4491 1775 4572 ami·

372 4643 441 4698 cos
474 4616 624 4696 iactare
657 4613 887 4719 arrogantia
918 4641 962 4696 se
995 4613 1191 4693 valerent.
1210 4611 1380 4695 Constat
1411 4613 1550 4719 itaque
1574 4638 1660 4693 non
1683 4627 1775 4695 tan·

372 4755 461 4820 tum
493 4748 654 4845 septem
683 4735 919 4843 capitaneos
937 4735 1190 4816 Pannoniam
1209 4747 1535 4842 conquestrasse,
1554 4734 1626 4816 scd
1648 4735 1772 4818 etiam

372 4925 533 4936 ——--·

480 4996 506 5094 ¹)
534 4995 676 5092 haytah.
708 4993 735 5087 ²)
765 4993 815 5068 sic
843 4994 922 5068 dod.
953 5016 1142 5090 perperam.
