<?xml version="1.0" encoding="UTF-8"?>
<!DOCTYPE html PUBLIC "-//W3C//DTD XHTML 1.0 Transitional//EN"
    "http://www.w3.org/TR/xhtml1/DTD/xhtml1-transitional.dtd">
<html xmlns="http://www.w3.org/1999/xhtml" xml:lang="en" lang="en">
 <head>
  <title>
</title>
<meta http-equiv="Content-Type" content="text/html;charset=utf-8" />
  <meta name='ocr-system' content='tesseract 3.04.00' />
  <meta name='ocr-capabilities' content='ocr_page ocr_carea ocr_par ocr_line ocrx_word'/>
</head>
<body>
  <div class='ocr_page' id='page_1' title='image "./chronicahungaro00florgoog_0291.png"; bbox 0 0 3898 5752; ppageno 0'>
   <div class='ocr_carea' id='block_1_1' title="bbox 383 693 1789 1647">
    <p class='ocr_par' dir='ltr' id='par_1_1' title="bbox 383 693 1789 1647">
     <span class='ocr_line' id='line_1_1' title="bbox 395 693 1787 809; baseline 0.004 -27"><span class='ocrx_word' id='word_1_1' title='bbox 395 693 519 784; x_wconf 74' lang='lat' dir='ltr'>(thron.</span> <span class='ocrx_word' id='word_1_2' title='bbox 549 698 708 784; x_wconf 91' lang='lat' dir='ltr'>Polonor.</span> <span class='ocrx_word' id='word_1_3' title='bbox 740 711 802 785; x_wconf 87' lang='lat' dir='ltr'>SS.</span> <span class='ocrx_word' id='word_1_4' title='bbox 832 709 896 784; x_wconf 91' lang='lat' dir='ltr'>IX.</span> <span class='ocrx_word' id='word_1_5' title='bbox 927 713 1016 785; x_wconf 80' lang='lat'>452.</span> <span class='ocrx_word' id='word_1_6' title='bbox 1051 711 1226 805; x_wconf 78' lang='lat' dir='ltr'>„Rutheni</span> <span class='ocrx_word' id='word_1_7' title='bbox 1253 734 1339 806; x_wconf 83' lang='lat' dir='ltr'>gens</span> <span class='ocrx_word' id='word_1_8' title='bbox 1360 711 1509 788; x_wconf 90' lang='lat' dir='ltr'>crudelis</span> <span class='ocrx_word' id='word_1_9' title='bbox 1530 715 1564 789; x_wconf 93' lang='lat' dir='ltr'>et</span> <span class='ocrx_word' id='word_1_10' title='bbox 1583 735 1716 809; x_wconf 87' lang='lat' dir='ltr'>aspera,</span> <span class='ocrx_word' id='word_1_11' title='bbox 1735 710 1787 808; x_wconf 87' lang='lat' dir='ltr'>qui</span> 
     </span>
     <span class='ocr_line' id='line_1_2' title="bbox 393 831 1786 925; baseline 0.004 -22"><span class='ocrx_word' id='word_1_12' title='bbox 393 831 629 905; x_wconf 83' lang='lat' dir='ltr'>Flavorum</span> <span class='ocrx_word' id='word_1_13' title='bbox 666 833 885 922; x_wconf 87' lang='lat' dir='ltr'>Prusoorum,</span> <span class='ocrx_word' id='word_1_14' title='bbox 916 837 949 904; x_wconf 91' lang='lat' dir='ltr'>et</span> <span class='ocrx_word' id='word_1_15' title='bbox 975 833 1246 908; x_wconf 89' lang='lat' dir='ltr'>Pomoranorum</span> <span class='ocrx_word' id='word_1_16' title='bbox 1271 833 1423 908; x_wconf 60' lang='lat' dir='ltr'>‘auxiliis</span> <span class='ocrx_word' id='word_1_17' title='bbox 1456 835 1549 925; x_wconf 86' lang='lat' dir='ltr'>freti,</span> <span class='ocrx_word' id='word_1_18' title='bbox 1578 836 1691 910; x_wconf 88' lang='lat' dir='ltr'>acrius</span> <span class='ocrx_word' id='word_1_19' title='bbox 1718 837 1786 909; x_wconf 89' lang='lat' dir='ltr'>diu-</span> 
     </span>
     <span class='ocr_line' id='line_1_3' title="bbox 393 953 1785 1052; baseline 0.004 -25"><span class='ocrx_word' id='word_1_20' title='bbox 393 953 532 1047; x_wconf 87' lang='lat' dir='ltr'>tiusque</span> <span class='ocrx_word' id='word_1_21' title='bbox 560 954 614 1028; x_wconf 93' lang='lat' dir='ltr'>illi</span> <span class='ocrx_word' id='word_1_22' title='bbox 642 954 881 1028; x_wconf 83' lang='lat' dir='ltr'>restiterunt.“</span> <span class='ocrx_word' id='word_1_23' title='bbox 924 955 1096 1030; x_wconf 89' lang='lat' dir='ltr'>Herbordi</span> <span class='ocrx_word' id='word_1_24' title='bbox 1125 957 1206 1031; x_wconf 86' lang='lat' dir='ltr'>Vita</span> <span class='ocrx_word' id='word_1_25' title='bbox 1235 957 1269 1031; x_wconf 86' lang='lat' dir='ltr'>S.</span> <span class='ocrx_word' id='word_1_26' title='bbox 1298 955 1436 1032; x_wconf 90' lang='lat' dir='ltr'>Ottonis</span> <span class='ocrx_word' id='word_1_27' title='bbox 1464 959 1691 1052; x_wconf 84' lang='lat' dir='ltr'>Bambergen</span> <span class='ocrx_word' id='word_1_28' title='bbox 1729 958 1785 1032; x_wconf 88' lang='lat' dir='ltr'>SS.</span> 
     </span>
     <span class='ocr_line' id='line_1_4' title="bbox 393 1077 1787 1173; baseline 0.004 -24"><span class='ocrx_word' id='word_1_29' title='bbox 393 1077 479 1150; x_wconf 90' lang='lat' dir='ltr'>XII.</span> <span class='ocrx_word' id='word_1_30' title='bbox 511 1081 597 1151; x_wconf 73' lang='lat'><strong>796.</strong></span> <span class='ocrx_word' id='word_1_31' title='bbox 638 1077 836 1164; x_wconf 87' lang='lat' dir='ltr'>,Pannonia</span> <span class='ocrx_word' id='word_1_32' title='bbox 872 1077 1057 1172; x_wconf 87' lang='lat' dir='ltr'>attingitur</span> <span class='ocrx_word' id='word_1_33' title='bbox 1093 1078 1183 1152; x_wconf 87' lang='lat' dir='ltr'>inter</span> <span class='ocrx_word' id='word_1_34' title='bbox 1217 1079 1411 1173; x_wconf 80' lang='lat' dir='ltr'>aquilonem</span> <span class='ocrx_word' id='word_1_35' title='bbox 1448 1085 1482 1155; x_wconf 89' lang='lat' dir='ltr'>et</span> <span class='ocrx_word' id='word_1_36' title='bbox 1519 1080 1603 1154; x_wconf 92' lang='lat' dir='ltr'>item</span> <span class='ocrx_word' id='word_1_37' title='bbox 1629 1081 1787 1155; x_wconf 77' lang='lat' dir='ltr'>orientem</span> 
     </span>
     <span class='ocr_line' id='line_1_5' title="bbox 393 1199 1785 1297; baseline 0.001 -24"><span class='ocrx_word' id='word_1_38' title='bbox 393 1201 639 1274; x_wconf 88' lang='lat' dir='ltr'>Pacenalorum</span> <span class='ocrx_word' id='word_1_39' title='bbox 668 1201 702 1272; x_wconf 93' lang='lat' dir='ltr'>et</span> <span class='ocrx_word' id='word_1_40' title='bbox 735 1199 958 1288; x_wconf 81' lang='lat' dir='ltr'>Falonum,</span> <span class='ocrx_word' id='word_1_41' title='bbox 988 1201 1169 1275; x_wconf 82' lang='lat' dir='ltr'><strong>maximam</strong></span> <span class='ocrx_word' id='word_1_42' title='bbox 1206 1201 1427 1276; x_wconf 81' lang='lat' dir='ltr'>uenationum</span> <span class='ocrx_word' id='word_1_43' title='bbox 1463 1203 1595 1297; x_wconf 88' lang='lat' dir='ltr'>copiam</span> <span class='ocrx_word' id='word_1_44' title='bbox 1632 1203 1785 1287; x_wconf 80' lang='lat' dir='ltr'>habente,</span> 
     </span>
     <span class='ocr_line' id='line_1_6' title="bbox 383 1322 1789 1420; baseline 0.002 -25"><span class='ocrx_word' id='word_1_45' title='bbox 383 1323 453 1395; x_wconf 92' lang='lat' dir='ltr'>sed</span> <span class='ocrx_word' id='word_1_46' title='bbox 481 1343 615 1396; x_wconf 86' lang='lat' dir='ltr'>vomere</span> <span class='ocrx_word' id='word_1_47' title='bbox 643 1344 681 1395; x_wconf 92' lang='lat' dir='ltr'>ac</span> <span class='ocrx_word' id='word_1_48' title='bbox 709 1322 821 1395; x_wconf 88' lang='lat' dir='ltr'>rastro</span> <span class='ocrx_word' id='word_1_49' title='bbox 850 1344 936 1414; x_wconf 88' lang='lat' dir='ltr'>pena</span> <span class='ocrx_word' id='word_1_50' title='bbox 964 1327 1105 1416; x_wconf 84' lang='lat' dir='ltr'>experte</span> <span class='ocrx_word' id='word_1_51' title='bbox 1134 1323 1343 1417; x_wconf 86' lang='lat' dir='ltr'>campania.“</span> <span class='ocrx_word' id='word_1_52' title='bbox 1385 1326 1465 1400; x_wconf 90' lang='lat' dir='ltr'>Otto</span> <span class='ocrx_word' id='word_1_53' title='bbox 1498 1325 1652 1420; x_wconf 83' lang='lat' dir='ltr'>Frising.</span> <span class='ocrx_word' id='word_1_54' title='bbox 1689 1325 1789 1400; x_wconf 85' lang='lat' dir='ltr'>Gesta</span> 
     </span>
     <span class='ocr_line' id='line_1_7' title="bbox 392 1444 1787 1541; baseline 0.001 -22"><span class='ocrx_word' id='word_1_55' title='bbox 392 1444 561 1519; x_wconf 84' lang='lat' dir='ltr'>Friderici</span> <span class='ocrx_word' id='word_1_56' title='bbox 589 1444 671 1537; x_wconf 89' lang='lat' dir='ltr'>imp.</span> <span class='ocrx_word' id='word_1_57' title='bbox 702 1444 763 1518; x_wconf 85' lang='lat' dir='ltr'>SS.</span> <span class='ocrx_word' id='word_1_58' title='bbox 794 1445 873 1516; x_wconf 86' lang='lat' dir='ltr'>XX.</span> <span class='ocrx_word' id='word_1_59' title='bbox 904 1446 990 1518; x_wconf 89' lang='grc'><strong>368.</strong></span> <span class='ocrx_word' id='word_1_60' title='bbox 1025 1444 1185 1534; x_wconf 81' lang='lat' dir='ltr'>,Comani</span> <span class='ocrx_word' id='word_1_61' title='bbox 1215 1445 1273 1540; x_wconf 90' lang='lat' dir='ltr'>qui</span> <span class='ocrx_word' id='word_1_62' title='bbox 1302 1445 1463 1520; x_wconf 90' lang='lat' dir='ltr'>dicuntur</span> <span class='ocrx_word' id='word_1_63' title='bbox 1483 1448 1632 1541; x_wconf 80' lang='lat' dir='ltr'>Cepahat</span> <span class='ocrx_word' id='word_1_64' title='bbox 1660 1470 1680 1520; x_wconf 92' lang='lat' dir='ltr'>a</span> <span class='ocrx_word' id='word_1_65' title='bbox 1706 1447 1787 1521; x_wconf 85' lang='lat' dir='ltr'>Teu·</span> 
     </span>
     <span class='ocr_line' id='line_1_8' title="bbox 393 1566 1611 1647; baseline 0.005 -7"><span class='ocrx_word' id='word_1_66' title='bbox 393 1566 485 1641; x_wconf 90' lang='lat' dir='ltr'>tonis</span> <span class='ocrx_word' id='word_1_67' title='bbox 512 1589 591 1642; x_wconf 87' lang='lat' dir='ltr'>vero</span> <span class='ocrx_word' id='word_1_68' title='bbox 620 1566 782 1640; x_wconf 83' lang='lat' dir='ltr'>dicuntur</span> <span class='ocrx_word' id='word_1_69' title='bbox 811 1567 1012 1639; x_wconf 86' lang='lat' dir='ltr'>Valani.“</span> <span class='ocrx_word' id='word_1_70' title='bbox 1048 1567 1158 1643; x_wconf 81' lang='lat'>1254.</span> <span class='ocrx_word' id='word_1_71' title='bbox 1188 1567 1267 1642; x_wconf 77' lang='lat' dir='ltr'>(lod.</span> <span class='ocrx_word' id='word_1_72' title='bbox 1298 1569 1339 1641; x_wconf 89' lang='lat' dir='ltr'>D.</span> <span class='ocrx_word' id='word_1_73' title='bbox 1369 1570 1428 1642; x_wconf 83' lang='lat' dir='ltr'>IV.</span> <span class='ocrx_word' id='word_1_74' title='bbox 1459 1570 1493 1642; x_wconf 83' lang='lat'>2.</span> <span class='ocrx_word' id='word_1_75' title='bbox 1523 1572 1611 1647; x_wconf 74' lang='lat'><strong>⁴268.</strong></span> 
     </span>
    </p>
   </div>
   <div class='ocr_carea' id='block_1_2' title="bbox 321 1705 1788 5102">
    <p class='ocr_par' dir='ltr' id='par_1_2' title="bbox 389 1705 1788 3147">
     <span class='ocr_line' id='line_1_9' title="bbox 550 1705 1786 1801; baseline 0 -19"><span class='ocrx_word' id='word_1_76' title='bbox 550 1707 776 1782; x_wconf 79' lang='lat' dir='ltr'><strong>Cumanorum</strong></span> <span class='ocrx_word' id='word_1_77' title='bbox 813 1729 935 1781; x_wconf 92' lang='lat' dir='ltr'>nomen</span> <span class='ocrx_word' id='word_1_78' title='bbox 977 1705 1155 1800; x_wconf 81' lang='lat' dir='ltr'>Hungaris</span> <span class='ocrx_word' id='word_1_79' title='bbox 1195 1707 1293 1801; x_wconf 90' lang='lat' dir='ltr'>prius</span> <span class='ocrx_word' id='word_1_80' title='bbox 1331 1707 1505 1801; x_wconf 86' lang='lat' dir='ltr'>ignotum,</span> <span class='ocrx_word' id='word_1_81' title='bbox 1544 1713 1624 1801; x_wconf 89' lang='lat' dir='ltr'>post</span> <span class='ocrx_word' id='word_1_82' title='bbox 1662 1709 1786 1783; x_wconf 90' lang='lat' dir='ltr'>obitum</span> 
     </span>
     <span class='ocr_line' id='line_1_10' title="bbox 393 1828 1787 1926; baseline -0.001 -20"><span class='ocrx_word' id='word_1_83' title='bbox 393 1829 516 1906; x_wconf 82' lang='lat' dir='ltr'>Geiaae</span> <span class='ocrx_word' id='word_1_84' title='bbox 545 1829 621 1903; x_wconf 81' lang='lat' dir='ltr'>lI=a</span> <span class='ocrx_word' id='word_1_85' title='bbox 649 1828 788 1904; x_wconf 81' lang='lat' dir='ltr'>Graecis</span> <span class='ocrx_word' id='word_1_86' title='bbox 816 1830 984 1904; x_wconf 88' lang='lat' dir='ltr'>bellorum</span> <span class='ocrx_word' id='word_1_87' title='bbox 1013 1828 1163 1903; x_wconf 88' lang='lat' dir='ltr'>civilium</span> <span class='ocrx_word' id='word_1_88' title='bbox 1192 1833 1344 1922; x_wconf 87' lang='lat' dir='ltr'>tempore</span> <span class='ocrx_word' id='word_1_89' title='bbox 1373 1832 1559 1923; x_wconf 89' lang='lat' dir='ltr'>acceptum,</span> <span class='ocrx_word' id='word_1_90' title='bbox 1589 1829 1624 1905; x_wconf 94' lang='lat' dir='ltr'>in</span> <span class='ocrx_word' id='word_1_91' title='bbox 1653 1833 1787 1926; x_wconf 79' lang='lat' dir='ltr'>Hungu-</span> 
     </span>
     <span class='ocr_line' id='line_1_11' title="bbox 394 1951 1788 2048; baseline 0 -22"><span class='ocrx_word' id='word_1_92' title='bbox 394 1952 446 2026; x_wconf 88' lang='lat' dir='ltr'>ria</span> <span class='ocrx_word' id='word_1_93' title='bbox 473 1953 563 2046; x_wconf 91' lang='lat' dir='ltr'>apud</span> <span class='ocrx_word' id='word_1_94' title='bbox 591 1951 778 2046; x_wconf 83' lang='lat' dir='ltr'>scriptores</span> <span class='ocrx_word' id='word_1_95' title='bbox 807 1956 940 2026; x_wconf 84' lang='lat' dir='ltr'>tantum</span> <span class='ocrx_word' id='word_1_96' title='bbox 968 1951 1081 2046; x_wconf 88' lang='lat' dir='ltr'>coepit</span> <span class='ocrx_word' id='word_1_97' title='bbox 1109 1973 1184 2027; x_wconf 90' lang='lat' dir='ltr'>esse</span> <span class='ocrx_word' id='word_1_98' title='bbox 1204 1951 1239 2024; x_wconf 94' lang='lat' dir='ltr'>in</span> <span class='ocrx_word' id='word_1_99' title='bbox 1268 1975 1352 2026; x_wconf 91' lang='lat' dir='ltr'>usu:</span> <span class='ocrx_word' id='word_1_100' title='bbox 1373 1951 1507 2026; x_wconf 87' lang='lat' dir='ltr'>&#39;idioma</span> <span class='ocrx_word' id='word_1_101' title='bbox 1526 1952 1788 2048; x_wconf 88' lang='lat' dir='ltr'>popularepris·</span> 
     </span>
     <span class='ocr_line' id='line_1_12' title="bbox 392 2073 1788 2167; baseline -0.001 -18"><span class='ocrx_word' id='word_1_102' title='bbox 392 2097 467 2149; x_wconf 89' lang='lat' dir='ltr'>cum</span> <span class='ocrx_word' id='word_1_103' title='bbox 495 2097 618 2148; x_wconf 90' lang='lat' dir='ltr'>nomen</span> <span class='ocrx_word' id='word_1_104' title='bbox 645 2074 733 2148; x_wconf 83' lang='lat' dir='ltr'>(lun</span> <span class='ocrx_word' id='word_1_105' title='bbox 763 2073 905 2147; x_wconf 90' lang='lat' dir='ltr'>retinuit</span> <span class='ocrx_word' id='word_1_106' title='bbox 934 2073 1104 2167; x_wconf 89' lang='lat' dir='ltr'>usquein</span> <span class='ocrx_word' id='word_1_107' title='bbox 1133 2074 1335 2149; x_wconf 88' lang='lat' dir='ltr'>hodiernum</span> <span class='ocrx_word' id='word_1_108' title='bbox 1364 2074 1463 2148; x_wconf 90' lang='lat' dir='ltr'>diem.</span> <span class='ocrx_word' id='word_1_109' title='bbox 1492 2073 1548 2148; x_wconf 88' lang='lat' dir='ltr'>Sic</span> <span class='ocrx_word' id='word_1_110' title='bbox 1574 2073 1730 2150; x_wconf 81' lang='lat' dir='ltr'>Andreas</span> <span class='ocrx_word' id='word_1_111' title='bbox 1754 2077 1788 2148; x_wconf 96' lang='lat' dir='ltr'>ll</span> 
     </span>
     <span class='ocr_line' id='line_1_13' title="bbox 392 2195 1788 2290; baseline -0.001 -19"><span class='ocrx_word' id='word_1_112' title='bbox 392 2219 453 2272; x_wconf 79' lang='lat' dir='ltr'>reu</span> <span class='ocrx_word' id='word_1_113' title='bbox 481 2197 517 2271; x_wconf 95' lang='lat' dir='ltr'>iu</span> <span class='ocrx_word' id='word_1_114' title='bbox 545 2197 663 2271; x_wconf 90' lang='lat' dir='ltr'>charta</span> <span class='ocrx_word' id='word_1_115' title='bbox 689 2196 771 2270; x_wconf 89' lang='lat' dir='ltr'>anni</span> <span class='ocrx_word' id='word_1_116' title='bbox 802 2197 923 2271; x_wconf 80' lang='lat'>1211:</span> <span class='ocrx_word' id='word_1_117' title='bbox 957 2195 1163 2284; x_wconf 79' lang='lat' dir='ltr'>,Crucilaris</span> <span class='ocrx_word' id='word_1_118' title='bbox 1192 2198 1233 2271; x_wconf 93' lang='lat' dir='ltr'>de</span> <span class='ocrx_word' id='word_1_119' title='bbox 1260 2197 1438 2290; x_wconf 84' lang='lat' dir='ltr'>Hospitali</span> <span class='ocrx_word' id='word_1_120' title='bbox 1460 2199 1495 2272; x_wconf 88' lang='lat' dir='ltr'>S.</span> <span class='ocrx_word' id='word_1_121' title='bbox 1517 2196 1646 2271; x_wconf 88' lang='lat' dir='ltr'>Mariae</span> <span class='ocrx_word' id='word_1_122' title='bbox 1674 2198 1709 2272; x_wconf 93' lang='lat' dir='ltr'>in</span> <span class='ocrx_word' id='word_1_123' title='bbox 1734 2200 1788 2273; x_wconf 84' lang='lat' dir='ltr'>Je-</span> 
     </span>
     <span class='ocr_line' id='line_1_14' title="bbox 392 2317 1788 2413; baseline 0.002 -22"><span class='ocrx_word' id='word_1_124' title='bbox 392 2320 541 2394; x_wconf 90' lang='lat' dir='ltr'>rusalem</span> <span class='ocrx_word' id='word_1_125' title='bbox 569 2320 739 2413; x_wconf 89' lang='lat' dir='ltr'>quandam</span> <span class='ocrx_word' id='word_1_126' title='bbox 767 2323 891 2392; x_wconf 87' lang='lat' dir='ltr'>terram</span> <span class='ocrx_word' id='word_1_127' title='bbox 922 2321 1067 2392; x_wconf 82' lang='lat' dir='ltr'>Borzam</span> <span class='ocrx_word' id='word_1_128' title='bbox 1095 2317 1231 2394; x_wconf 91' lang='lat' dir='ltr'>nomine</span> <span class='ocrx_word' id='word_1_129' title='bbox 1259 2321 1353 2393; x_wconf 86' lang='lat' dir='ltr'>ultra</span> <span class='ocrx_word' id='word_1_130' title='bbox 1381 2318 1486 2394; x_wconf 82' lang='lat' dir='ltr'>siluas</span> <span class='ocrx_word' id='word_1_131' title='bbox 1511 2341 1631 2394; x_wconf 83' lang='lat' dir='ltr'>uersus</span> <span class='ocrx_word' id='word_1_132' title='bbox 1656 2321 1788 2394; x_wconf 82' lang='lat' dir='ltr'>Guma-</span> 
     </span>
     <span class='ocr_line' id='line_1_15' title="bbox 392 2441 1788 2537; baseline -0.001 -22"><span class='ocrx_word' id='word_1_133' title='bbox 392 2464 471 2516; x_wconf 92' lang='lat' dir='ltr'>uos</span> <span class='ocrx_word' id='word_1_134' title='bbox 500 2483 549 2496; x_wconf 90' lang='lat'><em>-</em></span> <span class='ocrx_word' id='word_1_135' title='bbox 578 2443 783 2516; x_wconf 87' lang='lat' dir='ltr'>contulimus</span> <span class='ocrx_word' id='word_1_136' title='bbox 820 2484 870 2494; x_wconf 93' lang='lat'>—</span> <span class='ocrx_word' id='word_1_137' title='bbox 912 2447 945 2514; x_wconf 84' lang='lat' dir='ltr'>et</span> <span class='ocrx_word' id='word_1_138' title='bbox 982 2443 1023 2516; x_wconf 91' lang='lat' dir='ltr'>ad</span> <span class='ocrx_word' id='word_1_139' title='bbox 1061 2441 1234 2517; x_wconf 90' lang='lat' dir='ltr'>munimen</span> <span class='ocrx_word' id='word_1_140' title='bbox 1272 2443 1371 2537; x_wconf 83' lang='lat' dir='ltr'>regni</span> <span class='ocrx_word' id='word_1_141' title='bbox 1413 2445 1533 2517; x_wconf 84' lang='lat' dir='ltr'>contra</span> <span class='ocrx_word' id='word_1_142' title='bbox 1574 2444 1788 2517; x_wconf 81' lang='lat' dir='ltr'>Cumanos</span> 
     </span>
     <span class='ocr_line' id='line_1_16' title="bbox 392 2564 1787 2659; baseline -0.002 -20"><span class='ocrx_word' id='word_1_143' title='bbox 392 2571 504 2640; x_wconf 89' lang='lat' dir='ltr'>castra</span> <span class='ocrx_word' id='word_1_144' title='bbox 532 2565 647 2659; x_wconf 81' lang='lat' dir='ltr'>lignea</span> <span class='ocrx_word' id='word_1_145' title='bbox 675 2567 709 2638; x_wconf 87' lang='lat' dir='ltr'>et</span> <span class='ocrx_word' id='word_1_146' title='bbox 737 2567 839 2638; x_wconf 88' lang='lat' dir='ltr'>urbes</span> <span class='ocrx_word' id='word_1_147' title='bbox 868 2564 1001 2658; x_wconf 81' lang='lat' dir='ltr'>ligneas</span> <span class='ocrx_word' id='word_1_148' title='bbox 1021 2568 1219 2639; x_wconf 87' lang='lat' dir='ltr'>construere</span> <span class='ocrx_word' id='word_1_149' title='bbox 1240 2588 1299 2640; x_wconf 91' lang='lat' dir='ltr'>eos</span> <span class='ocrx_word' id='word_1_150' title='bbox 1319 2564 1573 2658; x_wconf 77' lang='lat' dir='ltr'>permisimus.“</span> <span class='ocrx_word' id='word_1_151' title='bbox 1596 2565 1632 2640; x_wconf 85' lang='lat'>0.</span> <span class='ocrx_word' id='word_1_152' title='bbox 1660 2564 1703 2638; x_wconf 91' lang='lat' dir='ltr'>D.</span> <span class='ocrx_word' id='word_1_153' title='bbox 1721 2564 1787 2638; x_wconf 93' lang='grc' dir='ltr'><strong>ΙΙΙ.</strong></span> 
     </span>
     <span class='ocr_line' id='line_1_17' title="bbox 394 2685 1787 2782; baseline -0.003 -20"><span class='ocrx_word' id='word_1_154' title='bbox 394 2693 428 2764; x_wconf 92' lang='grc'>1.</span> <span class='ocrx_word' id='word_1_155' title='bbox 461 2691 547 2761; x_wconf 83' lang='grc'><strong>107.</strong></span> <span class='ocrx_word' id='word_1_156' title='bbox 576 2688 619 2760; x_wconf 93' lang='lat' dir='ltr'>Iu</span> <span class='ocrx_word' id='word_1_157' title='bbox 646 2685 937 2760; x_wconf 70' lang='lat' dir='ltr'>adnotationibus</span> <span class='ocrx_word' id='word_1_158' title='bbox 967 2708 1099 2780; x_wconf 87' lang='lat' dir='ltr'>quoque</span> <span class='ocrx_word' id='word_1_159' title='bbox 1128 2687 1392 2782; x_wconf 78' lang='lat' dir='ltr'>chronologicis,</span> <span class='ocrx_word' id='word_1_160' title='bbox 1414 2687 1563 2780; x_wconf 87' lang='lat' dir='ltr'>scriptor</span> <span class='ocrx_word' id='word_1_161' title='bbox 1582 2685 1685 2761; x_wconf 89' lang='lat' dir='ltr'>seculi</span> <span class='ocrx_word' id='word_1_162' title='bbox 1710 2686 1787 2758; x_wconf 91' lang='lat' dir='ltr'>duo-</span> 
     </span>
     <span class='ocr_line' id='line_1_18' title="bbox 391 2807 1787 2903; baseline -0.005 -16"><span class='ocrx_word' id='word_1_163' title='bbox 391 2811 513 2887; x_wconf 90' lang='lat' dir='ltr'>decimi</span> <span class='ocrx_word' id='word_1_164' title='bbox 542 2812 584 2885; x_wconf 91' lang='lat' dir='ltr'>ad</span> <span class='ocrx_word' id='word_1_165' title='bbox 611 2832 738 2885; x_wconf 92' lang='lat' dir='ltr'>annum</span> <span class='ocrx_word' id='word_1_166' title='bbox 765 2809 825 2884; x_wconf 79' lang='lat' dir='ltr'>Md</span> <span class='ocrx_word' id='word_1_167' title='bbox 862 2809 1043 2883; x_wconf 76' lang='lat' dir='ltr'>Chunus</span> <span class='ocrx_word' id='word_1_168' title='bbox 1081 2813 1262 2903; x_wconf 89' lang='lat' dir='ltr'>posuerat;</span> <span class='ocrx_word' id='word_1_169' title='bbox 1302 2807 1369 2883; x_wconf 91' lang='lat' dir='ltr'>iam</span> <span class='ocrx_word' id='word_1_170' title='bbox 1398 2831 1518 2884; x_wconf 89' lang='lat' dir='ltr'>manus</span> <span class='ocrx_word' id='word_1_171' title='bbox 1555 2809 1722 2884; x_wconf 83' lang='lat' dir='ltr'>recentior</span> <span class='ocrx_word' id='word_1_172' title='bbox 1747 2807 1787 2882; x_wconf 93' lang='lat' dir='ltr'>ad</span> 
     </span>
     <span class='ocr_line' id='line_1_19' title="bbox 391 2930 1787 3024; baseline -0.005 -16"><span class='ocrx_word' id='word_1_173' title='bbox 391 2958 517 3010; x_wconf 90' lang='lat' dir='ltr'>annum</span> <span class='ocrx_word' id='word_1_174' title='bbox 545 2933 714 3008; x_wconf 80' lang='lat' dir='ltr'>thdXLI</span> <span class='ocrx_word' id='word_1_175' title='bbox 753 2933 974 3006; x_wconf 81' lang='lat' dir='ltr'>Cumanos</span> <span class='ocrx_word' id='word_1_176' title='bbox 1009 2931 1146 3006; x_wconf 88' lang='lat' dir='ltr'>scribit:</span> <span class='ocrx_word' id='word_1_177' title='bbox 1190 2933 1309 3024; x_wconf 85' lang='lat' dir='ltr'>„Uxor</span> <span class='ocrx_word' id='word_1_178' title='bbox 1347 2931 1515 3006; x_wconf 79' lang='lat' dir='ltr'>lobannis</span> <span class='ocrx_word' id='word_1_179' title='bbox 1553 2930 1728 3020; x_wconf 86' lang='lat' dir='ltr'>occiditur,</span> <span class='ocrx_word' id='word_1_180' title='bbox 1755 2935 1787 3003; x_wconf 90' lang='lat' dir='ltr'>et</span> 
     </span>
     <span class='ocr_line' id='line_1_20' title="bbox 389 3054 1167 3147; baseline -0.005 -16"><span class='ocrx_word' id='word_1_181' title='bbox 389 3080 478 3133; x_wconf 83' lang='lat' dir='ltr'>uxor</span> <span class='ocrx_word' id='word_1_182' title='bbox 499 3057 629 3132; x_wconf 79' lang='lat' dir='ltr'>Obucar</span> <span class='ocrx_word' id='word_1_183' title='bbox 655 3078 675 3129; x_wconf 91' lang='lat' dir='ltr'>a</span> <span class='ocrx_word' id='word_1_184' title='bbox 703 3054 909 3129; x_wconf 80' lang='lat' dir='ltr'>Cumanis</span> <span class='ocrx_word' id='word_1_185' title='bbox 938 3054 1141 3147; x_wconf 74' lang='lat' dir='ltr'>eaptiialm.</span> <span class='ocrx_word' id='word_1_186' title='bbox 1150 3061 1167 3093; x_wconf 85' lang='grc'>”</span> 
     </span>
    </p>

    <p class='ocr_par' dir='ltr' id='par_1_3' title="bbox 389 3173 1786 3764">
     <span class='ocr_line' id='line_1_21' title="bbox 545 3173 1786 3272; baseline -0.006 -19"><span class='ocrx_word' id='word_1_187' title='bbox 545 3179 621 3254; x_wconf 88' lang='lat' dir='ltr'>Non</span> <span class='ocrx_word' id='word_1_188' title='bbox 661 3176 769 3272; x_wconf 80' lang='lat' dir='ltr'>igitur</span> <span class='ocrx_word' id='word_1_189' title='bbox 806 3179 923 3271; x_wconf 90' lang='lat' dir='ltr'>potest</span> <span class='ocrx_word' id='word_1_190' title='bbox 961 3176 1075 3270; x_wconf 81' lang='lat' dir='ltr'>regius</span> <span class='ocrx_word' id='word_1_191' title='bbox 1113 3176 1269 3250; x_wconf 87' lang='lat' dir='ltr'>notarius</span> <span class='ocrx_word' id='word_1_192' title='bbox 1297 3177 1400 3250; x_wconf 91' lang='lat' dir='ltr'>Belae</span> <span class='ocrx_word' id='word_1_193' title='bbox 1430 3177 1485 3252; x_wconf 91' lang='lat' dir='ltr'>I-o</span> <span class='ocrx_word' id='word_1_194' title='bbox 1524 3175 1683 3266; x_wconf 81' lang='lat' dir='ltr'>adscribi,</span> <span class='ocrx_word' id='word_1_195' title='bbox 1712 3173 1786 3267; x_wconf 85' lang='lat' dir='ltr'>quia</span> 
     </span>
     <span class='ocr_line' id='line_1_22' title="bbox 392 3296 1786 3392; baseline -0.006 -15"><span class='ocrx_word' id='word_1_196' title='bbox 392 3303 504 3377; x_wconf 82' lang='lat' dir='ltr'>Oanos</span> <span class='ocrx_word' id='word_1_197' title='bbox 532 3303 701 3377; x_wconf 77' lang='lat' dir='ltr'>Cumanos</span> <span class='ocrx_word' id='word_1_198' title='bbox 730 3300 894 3388; x_wconf 89' lang='lat' dir='ltr'>nominat,</span> <span class='ocrx_word' id='word_1_199' title='bbox 925 3321 1050 3392; x_wconf 86' lang='lat' dir='ltr'>cosque</span> <span class='ocrx_word' id='word_1_200' title='bbox 1080 3300 1193 3372; x_wconf 88' lang='lat' dir='ltr'>seculo</span> <span class='ocrx_word' id='word_1_201' title='bbox 1223 3321 1312 3374; x_wconf 94' lang='lat' dir='ltr'>nono</span> <span class='ocrx_word' id='word_1_202' title='bbox 1346 3299 1381 3372; x_wconf 93' lang='lat' dir='ltr'>in</span> <span class='ocrx_word' id='word_1_203' title='bbox 1410 3299 1624 3374; x_wconf 88' lang='lat' dir='ltr'>Pannoniam</span> <span class='ocrx_word' id='word_1_204' title='bbox 1658 3296 1786 3390; x_wconf 79' lang='lat' dir='ltr'>immig-</span> 
     </span>
     <span class='ocr_line' id='line_1_23' title="bbox 391 3419 1786 3517; baseline -0.006 -17"><span class='ocrx_word' id='word_1_205' title='bbox 391 3448 497 3516; x_wconf 86' lang='lat' dir='ltr'>rasse,</span> <span class='ocrx_word' id='word_1_206' title='bbox 527 3424 562 3498; x_wconf 97' lang='lat' dir='ltr'>in</span> <span class='ocrx_word' id='word_1_207' title='bbox 590 3446 761 3517; x_wconf 81' lang='lat' dir='ltr'>urnamque</span> <span class='ocrx_word' id='word_1_208' title='bbox 790 3445 865 3496; x_wconf 88' lang='lat' dir='ltr'>cum</span> <span class='ocrx_word' id='word_1_209' title='bbox 894 3420 1069 3515; x_wconf 79' lang='lat' dir='ltr'>Hungaris</span> <span class='ocrx_word' id='word_1_210' title='bbox 1100 3422 1264 3514; x_wconf 89' lang='lat' dir='ltr'>populum</span> <span class='ocrx_word' id='word_1_211' title='bbox 1286 3421 1457 3496; x_wconf 87' lang='lat' dir='ltr'>coaluisse</span> <span class='ocrx_word' id='word_1_212' title='bbox 1477 3420 1610 3496; x_wconf 87' lang='lat' dir='ltr'>scribit.</span> <span class='ocrx_word' id='word_1_213' title='bbox 1634 3419 1699 3494; x_wconf 87' lang='lat' dir='ltr'>Sed</span> <span class='ocrx_word' id='word_1_214' title='bbox 1716 3420 1786 3493; x_wconf 91' lang='lat' dir='ltr'>lon·</span> 
     </span>
     <span class='ocr_line' id='line_1_24' title="bbox 389 3542 1786 3677; baseline -0.006 -56"><span class='ocrx_word' id='word_1_215' title='bbox 389 3547 467 3643; x_wconf 81' lang='lat' dir='ltr'>gius</span> <span class='ocrx_word' id='word_1_216' title='bbox 495 3550 592 3622; x_wconf 89' lang='lat' dir='ltr'>abest</span> <span class='ocrx_word' id='word_1_217' title='bbox 619 3547 675 3620; x_wconf 89' lang='lat' dir='ltr'>hic</span> <span class='ocrx_word' id='word_1_218' title='bbox 704 3545 812 3640; x_wconf 80' lang='lat' dir='ltr'>script</span> <span class='ocrx_word' id='word_1_219' title='bbox 814 3568 897 3619; x_wconf 84' lang='lat' dir='ltr'>one</span> <span class='ocrx_word' id='word_1_220' title='bbox 894 3543 983 3616; x_wconf 86' lang='lat' dir='ltr'>tiam</span> <span class='ocrx_word' id='word_1_221' title='bbox 1011 3546 1052 3617; x_wconf 93' lang='lat' dir='ltr'>ab</span> <span class='ocrx_word' id='word_1_222' title='bbox 1074 3545 1186 3617; x_wconf 88' lang='lat' dir='ltr'>aetate</span> <span class='ocrx_word' id='word_1_223' title='bbox 1206 3543 1373 3677; x_wconf 84' lang='lat' dir='ltr'>Stephani</span> <span class='ocrx_word' id='word_1_224' title='bbox 1403 3543 1489 3630; x_wconf 87' lang='lat' dir='ltr'>II·i;</span> <span class='ocrx_word' id='word_1_225' title='bbox 1519 3565 1600 3616; x_wconf 90' lang='lat' dir='ltr'>nam</span> <span class='ocrx_word' id='word_1_226' title='bbox 1624 3542 1709 3637; x_wconf 87' lang='lat' dir='ltr'>quod</span> <span class='ocrx_word' id='word_1_227' title='bbox 1727 3563 1786 3614; x_wconf 86' lang='lat' dir='ltr'>rex</span> 
     </span>
     <span class='ocr_line' id='line_1_25' title="bbox 391 3664 1786 3764; baseline -0.007 -20"><span class='ocrx_word' id='word_1_228' title='bbox 391 3672 457 3746; x_wconf 90' lang='lat' dir='ltr'>iste</span> <span class='ocrx_word' id='word_1_229' title='bbox 424 3671 587 3745; x_wconf 80' lang='lat' dir='ltr'>tdunis</span> <span class='ocrx_word' id='word_1_230' title='bbox 609 3692 706 3764; x_wconf 89' lang='lat' dir='ltr'>opem</span> <span class='ocrx_word' id='word_1_231' title='bbox 736 3667 808 3742; x_wconf 92' lang='lat' dir='ltr'>eius</span> <span class='ocrx_word' id='word_1_232' title='bbox 837 3665 1099 3760; x_wconf 77' lang='lat' dir='ltr'>implorantibus</span> <span class='ocrx_word' id='word_1_233' title='bbox 1127 3664 1303 3757; x_wconf 80' lang='lat' dir='ltr'>praestitit</span> <span class='ocrx_word' id='word_1_234' title='bbox 1259 3665 1377 3755; x_wconf 74' lang='lat' dir='ltr'>naid</span> <span class='ocrx_word' id='word_1_235' title='bbox 1406 3666 1605 3761; x_wconf 77' lang='lat' dir='ltr'>Anonpmus</span> <span class='ocrx_word' id='word_1_236' title='bbox 1634 3665 1730 3739; x_wconf 82' lang='lat' dir='ltr'>Almo</span> <span class='ocrx_word' id='word_1_237' title='bbox 1753 3667 1786 3736; x_wconf 90' lang='lat' dir='ltr'>et</span> 
     </span>
    </p>

    <p class='ocr_par' dir='ltr' id='par_1_4' title="bbox 321 3789 1784 4507">
     <span class='ocr_line' id='line_1_26' title="bbox 391 3789 992 3887; baseline -0.009 -20"><span class='ocrx_word' id='word_1_238' title='bbox 391 3793 543 3887; x_wconf 81' lang='lat' dir='ltr'>nrpadic</span> <span class='ocrx_word' id='word_1_239' title='bbox 571 3793 722 3867; x_wconf 89' lang='lat' dir='ltr'>tribuere</span> <span class='ocrx_word' id='word_1_240' title='bbox 752 3814 818 3864; x_wconf 93' lang='lat' dir='ltr'>uon</span> <span class='ocrx_word' id='word_1_241' title='bbox 848 3789 992 3863; x_wconf 90' lang='lat' dir='ltr'>dubitat.</span> 
     </span>
     <span class='ocr_line' id='line_1_27' title="bbox 321 3906 1783 4010; baseline -0.007 -21"><span class='ocrx_word' id='word_1_242' title='bbox 321 3906 323 3910; x_wconf 69' lang='grc'><strong>’</strong></span> <span class='ocrx_word' id='word_1_243' title='bbox 546 3917 641 4010; x_wconf 72' lang='lat' dir='ltr'>Quod</span> <span class='ocrx_word' id='word_1_244' title='bbox 677 3937 755 3988; x_wconf 85' lang='lat' dir='ltr'>uero</span> <span class='ocrx_word' id='word_1_245' title='bbox 792 3912 902 3986; x_wconf 81' lang='lat' dir='ltr'>hbam</span> <span class='ocrx_word' id='word_1_246' title='bbox 936 3933 1051 4005; x_wconf 82' lang='lat' dir='ltr'>regam</span> <span class='ocrx_word' id='word_1_247' title='bbox 1082 3932 1167 4006; x_wconf 84' lang='lat' dir='ltr'>„pro</span> <span class='ocrx_word' id='word_1_248' title='bbox 1202 3909 1353 4002; x_wconf 88' lang='lat' dir='ltr'>pietate“</span> <span class='ocrx_word' id='word_1_249' title='bbox 1395 3909 1444 3984; x_wconf 90' lang='lat' dir='ltr'>sie</span> <span class='ocrx_word' id='word_1_250' title='bbox 1482 3914 1638 3984; x_wconf 83' lang='lat' dir='ltr'>uocatum</span> <span class='ocrx_word' id='word_1_251' title='bbox 1675 3909 1783 4000; x_wconf 82' lang='lat' dir='ltr'>refert,</span> 
     </span>
     <span class='ocr_line' id='line_1_28' title="bbox 391 4027 1782 4134; baseline -0.01 -20"><span class='ocrx_word' id='word_1_252' title='bbox 391 4037 622 4134; x_wconf 88' lang='lat' dir='ltr'>posteriorum</span> <span class='ocrx_word' id='word_1_253' title='bbox 649 4042 840 4130; x_wconf 86' lang='lat' dir='ltr'>temporum</span> <span class='ocrx_word' id='word_1_254' title='bbox 869 4032 1051 4126; x_wconf 84' lang='lat' dir='ltr'>scriptoris</span> <span class='ocrx_word' id='word_1_255' title='bbox 1080 4035 1133 4105; x_wconf 88' lang='lat' dir='ltr'>est</span> <span class='ocrx_word' id='word_1_256' title='bbox 1160 4030 1335 4106; x_wconf 91' lang='lat' dir='ltr'>indicium.</span> <span class='ocrx_word' id='word_1_257' title='bbox 1360 4033 1493 4106; x_wconf 83' lang='lat' dir='ltr'>Recens</span> <span class='ocrx_word' id='word_1_258' title='bbox 1523 4035 1597 4105; x_wconf 89' lang='lat' dir='ltr'>erat</span> <span class='ocrx_word' id='word_1_259' title='bbox 1625 4027 1782 4107; x_wconf 89' lang='lat' dir='ltr'>Samuelis</span> 
     </span>
     <span class='ocr_line' id='line_1_29' title="bbox 391 4154 1784 4247; baseline -0.011 -11"><span class='ocrx_word' id='word_1_260' title='bbox 391 4161 475 4236; x_wconf 91' lang='lat' dir='ltr'>dicti</span> <span class='ocrx_word' id='word_1_261' title='bbox 503 4162 575 4235; x_wconf 92' lang='lat' dir='ltr'>Oba</span> <span class='ocrx_word' id='word_1_262' title='bbox 602 4158 655 4233; x_wconf 80' lang='lat' dir='ltr'>uel</span> <span class='ocrx_word' id='word_1_263' title='bbox 683 4157 759 4232; x_wconf 82' lang='lat' dir='ltr'>Aba</span> <span class='ocrx_word' id='word_1_264' title='bbox 795 4155 957 4230; x_wconf 84' lang='lat' dir='ltr'>memoria</span> <span class='ocrx_word' id='word_1_265' title='bbox 994 4157 1107 4227; x_wconf 87' lang='lat' dir='ltr'>aetate</span> <span class='ocrx_word' id='word_1_266' title='bbox 1139 4154 1244 4228; x_wconf 92' lang='lat' dir='ltr'>Belae</span> <span class='ocrx_word' id='word_1_267' title='bbox 1281 4154 1349 4242; x_wconf 88' lang='lat' dir='ltr'>l·i;</span> <span class='ocrx_word' id='word_1_268' title='bbox 1393 4154 1626 4247; x_wconf 87' lang='lat' dir='ltr'>septendecim</span> <span class='ocrx_word' id='word_1_269' title='bbox 1661 4157 1784 4227; x_wconf 84' lang='lat' dir='ltr'>lantum</span> 
     </span>
     <span class='ocr_line' id='line_1_30' title="bbox 391 4272 1781 4370; baseline -0.01 -11"><span class='ocrx_word' id='word_1_270' title='bbox 391 4285 473 4360; x_wconf 89' lang='lat' dir='ltr'>anni</span> <span class='ocrx_word' id='word_1_271' title='bbox 501 4285 598 4357; x_wconf 87' lang='lat' dir='ltr'>erant</span> <span class='ocrx_word' id='word_1_272' title='bbox 627 4283 667 4355; x_wconf 92' lang='lat' dir='ltr'>ab</span> <span class='ocrx_word' id='word_1_273' title='bbox 688 4279 782 4355; x_wconf 90' lang='lat' dir='ltr'>obitu</span> <span class='ocrx_word' id='word_1_274' title='bbox 805 4279 877 4351; x_wconf 89' lang='lat' dir='ltr'>eius</span> <span class='ocrx_word' id='word_1_275' title='bbox 898 4277 1016 4370; x_wconf 84' lang='lat' dir='ltr'>clapsi.</span> <span class='ocrx_word' id='word_1_276' title='bbox 1042 4278 1113 4350; x_wconf 80' lang='lat' dir='ltr'>Nec</span> <span class='ocrx_word' id='word_1_277' title='bbox 1142 4276 1363 4369; x_wconf 83' lang='lat' dir='ltr'>pietatem</span> <span class='ocrx_word' id='word_1_278' title='bbox 1390 4275 1463 4348; x_wconf 90' lang='lat' dir='ltr'>eius</span> <span class='ocrx_word' id='word_1_279' title='bbox 1492 4275 1678 4350; x_wconf 86' lang='lat' dir='ltr'>celebrauit</span> <span class='ocrx_word' id='word_1_280' title='bbox 1696 4272 1781 4367; x_wconf 85' lang='lat' dir='ltr'>quis·</span> 
     </span>
     <span class='ocr_line' id='line_1_31' title="bbox 391 4401 1309 4507; baseline -0.013 -23"><span class='ocrx_word' id='word_1_281' title='bbox 391 4431 491 4507; x_wconf 86' lang='lat' dir='ltr'>quam</span> <span class='ocrx_word' id='word_1_282' title='bbox 519 4427 632 4480; x_wconf 88' lang='lat' dir='ltr'>rerum</span> <span class='ocrx_word' id='word_1_283' title='bbox 661 4407 703 4478; x_wconf 90' lang='lat' dir='ltr'>ab</span> <span class='ocrx_word' id='word_1_284' title='bbox 733 4403 808 4496; x_wconf 91' lang='lat' dir='ltr'>ipso</span> <span class='ocrx_word' id='word_1_285' title='bbox 837 4405 1009 4494; x_wconf 75' lang='lat' dir='ltr'>gestarum</span> <span class='ocrx_word' id='word_1_286' title='bbox 1038 4401 1143 4492; x_wconf 90' lang='lat' dir='ltr'>probe</span> <span class='ocrx_word' id='word_1_287' title='bbox 1171 4421 1309 4493; x_wconf 80' lang='lat' dir='ltr'>gnarus.</span> 
     </span>
    </p>

    <p class='ocr_par' dir='ltr' id='par_1_5' title="bbox 390 4513 1783 5102">
     <span class='ocr_line' id='line_1_32' title="bbox 546 4513 1783 4618; baseline -0.015 -14"><span class='ocrx_word' id='word_1_288' title='bbox 546 4530 702 4604; x_wconf 81' lang='lat' dir='ltr'>(letarum</span> <span class='ocrx_word' id='word_1_289' title='bbox 730 4545 916 4618; x_wconf 84' lang='lat' dir='ltr'>cognomen</span> <span class='ocrx_word' id='word_1_290' title='bbox 937 4521 1005 4594; x_wconf 90' lang='lat' dir='ltr'>Oba</span> <span class='ocrx_word' id='word_1_291' title='bbox 1035 4523 1083 4595; x_wconf 86' lang='lat' dir='ltr'>uel</span> <span class='ocrx_word' id='word_1_292' title='bbox 1106 4523 1179 4614; x_wconf 92' lang='lat' dir='ltr'>Opa</span> <span class='ocrx_word' id='word_1_293' title='bbox 1207 4519 1372 4594; x_wconf 87' lang='lat' dir='ltr'>usitatum</span> <span class='ocrx_word' id='word_1_294' title='bbox 1401 4521 1475 4592; x_wconf 90' lang='lat' dir='ltr'>erat</span> <span class='ocrx_word' id='word_1_295' title='bbox 1503 4541 1570 4593; x_wconf 91' lang='lat' dir='ltr'>non</span> <span class='ocrx_word' id='word_1_296' title='bbox 1597 4521 1704 4594; x_wconf 87' lang='lat' dir='ltr'>solum</span> <span class='ocrx_word' id='word_1_297' title='bbox 1720 4513 1783 4592; x_wconf 84' lang='lat' dir='ltr'>Cu·</span> 
     </span>
     <span class='ocr_line' id='line_1_33' title="bbox 392 4641 1782 4743; baseline -0.014 -14"><span class='ocrx_word' id='word_1_298' title='bbox 392 4653 513 4743; x_wconf 89' lang='lat' dir='ltr'>manis,</span> <span class='ocrx_word' id='word_1_299' title='bbox 544 4652 603 4726; x_wconf 89' lang='lat' dir='ltr'>sed</span> <span class='ocrx_word' id='word_1_300' title='bbox 632 4649 735 4723; x_wconf 91' lang='lat' dir='ltr'>etiam</span> <span class='ocrx_word' id='word_1_301' title='bbox 761 4644 929 4720; x_wconf 89' lang='lat' dir='ltr'>Bissenis.</span> <span class='ocrx_word' id='word_1_302' title='bbox 962 4643 1019 4716; x_wconf 88' lang='lat' dir='ltr'>Sic</span> <span class='ocrx_word' id='word_1_303' title='bbox 1039 4643 1115 4736; x_wconf 90' lang='lat' dir='ltr'>ipso</span> <span class='ocrx_word' id='word_1_304' title='bbox 1144 4665 1312 4736; x_wconf 80' lang='lat' dir='ltr'>anonymo</span> <span class='ocrx_word' id='word_1_305' title='bbox 1340 4645 1452 4714; x_wconf 83' lang='lat' dir='ltr'>teste:</span> <span class='ocrx_word' id='word_1_306' title='bbox 1485 4641 1558 4728; x_wconf 88' lang='lat' dir='ltr'>,De</span> <span class='ocrx_word' id='word_1_307' title='bbox 1587 4645 1678 4714; x_wconf 88' lang='lat' dir='ltr'>terra</span> <span class='ocrx_word' id='word_1_308' title='bbox 1704 4641 1782 4732; x_wconf 77' lang='lat' dir='ltr'>Bys-</span> 
     </span>
     <span class='ocr_line' id='line_1_34' title="bbox 390 4757 1783 4866; baseline -0.017 -13"><span class='ocrx_word' id='word_1_309' title='bbox 390 4799 549 4853; x_wconf 90' lang='lat' dir='ltr'>senorum</span> <span class='ocrx_word' id='word_1_310' title='bbox 576 4773 670 4848; x_wconf 87' lang='lat' dir='ltr'>venit</span> <span class='ocrx_word' id='word_1_311' title='bbox 698 4769 833 4866; x_wconf 88' lang='lat' dir='ltr'>quidam</span> <span class='ocrx_word' id='word_1_312' title='bbox 862 4767 959 4841; x_wconf 88' lang='lat' dir='ltr'>miles</span> <span class='ocrx_word' id='word_1_313' title='bbox 997 4767 1037 4839; x_wconf 92' lang='lat' dir='ltr'>de</span> <span class='ocrx_word' id='word_1_314' title='bbox 1076 4765 1186 4838; x_wconf 90' lang='lat' dir='ltr'>ducali</span> <span class='ocrx_word' id='word_1_315' title='bbox 1224 4762 1400 4857; x_wconf 81' lang='lat' dir='ltr'>progenie,</span> <span class='ocrx_word' id='word_1_316' title='bbox 1433 4760 1530 4836; x_wconf 88' lang='lat' dir='ltr'>cuius</span> <span class='ocrx_word' id='word_1_317' title='bbox 1568 4784 1690 4836; x_wconf 90' lang='lat' dir='ltr'>nomen</span> <span class='ocrx_word' id='word_1_318' title='bbox 1724 4757 1783 4832; x_wconf 85' lang='lat' dir='ltr'>luit</span> 
     </span>
     <span class='ocr_line' id='line_1_35' title="bbox 390 4883 1781 4981; baseline -0.015 -7"><span class='ocrx_word' id='word_1_319' title='bbox 390 4897 631 4976; x_wconf 81' lang='lat' dir='ltr'>Thonuzoba.“</span> <span class='ocrx_word' id='word_1_320' title='bbox 664 4916 691 4968; x_wconf 89' lang='lat' dir='ltr'>c.</span> <span class='ocrx_word' id='word_1_321' title='bbox 723 4894 783 4966; x_wconf 76' lang='lat'>57.</span> <span class='ocrx_word' id='word_1_322' title='bbox 813 4891 970 4964; x_wconf 82' lang='lat' dir='ltr'>Deoua</span> <span class='ocrx_word' id='word_1_323' title='bbox 1010 4887 1115 4962; x_wconf 87' lang='lat' dir='ltr'>turcis</span> <span class='ocrx_word' id='word_1_324' title='bbox 1144 4908 1277 4981; x_wconf 86' lang='lat' dir='ltr'>porcus.</span> <span class='ocrx_word' id='word_1_325' title='bbox 1307 4886 1436 4960; x_wconf 89' lang='lat' dir='ltr'>Nestor</span> <span class='ocrx_word' id='word_1_326' title='bbox 1465 4885 1502 4958; x_wconf 93' lang='lat' dir='ltr'>in</span> <span class='ocrx_word' id='word_1_327' title='bbox 1530 4883 1684 4959; x_wconf 80' lang='lat' dir='ltr'>exercitu</span> <span class='ocrx_word' id='word_1_328' title='bbox 1710 4903 1781 4956; x_wconf 91' lang='lat' dir='ltr'>con·</span> 
     </span>
     <span class='ocr_line' id='line_1_36' title="bbox 390 5003 1782 5102; baseline -0.017 -6"><span class='ocrx_word' id='word_1_329' title='bbox 390 5023 505 5096; x_wconf 90' lang='lat' dir='ltr'>iuncto</span> <span class='ocrx_word' id='word_1_330' title='bbox 524 5021 759 5102; x_wconf 79' lang='lat' dir='ltr'>bissenorum,</span> <span class='ocrx_word' id='word_1_331' title='bbox 776 5013 961 5086; x_wconf 72' lang='lat' dir='ltr'>Tuscorum</span> <span class='ocrx_word' id='word_1_332' title='bbox 982 5015 1016 5084; x_wconf 88' lang='lat' dir='ltr'>et</span> <span class='ocrx_word' id='word_1_333' title='bbox 1036 5011 1260 5084; x_wconf 73' lang='lat' dir='ltr'>(bumanorum</span> <span class='ocrx_word' id='word_1_334' title='bbox 1281 5009 1540 5082; x_wconf 85' lang='lat' dir='ltr'>commemorat:</span> <span class='ocrx_word' id='word_1_335' title='bbox 1568 5003 1782 5096; x_wconf 76' lang='lat' dir='ltr'>Altam-epam</span> 
     </span>
    </p>
   </div>
   <div class='ocr_carea' id='block_1_3' title="bbox 0 0 1954 5752">
    <p class='ocr_par' dir='ltr' id='par_1_6' title="bbox 0 0 1954 5752">
     <span class='ocr_line' id='line_1_37' title="bbox 0 0 1954 5752; baseline 0 1"><span class='ocrx_word' id='word_1_336' title='bbox 0 0 1954 5752; x_wconf 95' lang='lat' dir='ltr'> </span> 
     </span>
    </p>
   </div>
  </div>
 </body>
</html>
