3900 5762
825 531 980 638 Α

202 748 491 861 locrmletatuS,
532 749 759 836 Albensem
795 751 1020 858 basilicam,
1065 781 1191 863 quam
1233 753 1321 862 ipse
1358 749 1606 836 fundauerat

202 876 336 958 aureis
369 874 578 978 altaribus
613 875 804 957 crucibus
839 902 1005 984 quoque
1040 892 1080 958 et
1117 876 1313 960 calicibus
1355 873 1607 957 indumentis

202 999 327 1080 etiam
360 997 766 1106 pon(42)tificalibus
800 992 1004 1082 contextis
1036 1027 1136 1082 auro
1154 999 1372 1106 purissimo
1391 1014 1430 1079 et
1461 996 1608 1105 lapidi÷

200 1123 280 1204 bus
313 1120 626 1228 preciosissimis
660 1121 840 1228 copiauit
873 1148 920 1202 ac
954 1121 1110 1203 ditabit.
1144 1121 1253 1205 Vasa
1286 1119 1606 1228 quoquemini-

201 1243 402 1345 stratoria,
437 1255 478 1323 et
509 1259 644 1324 cetera
677 1243 868 1327 utensilia
895 1243 1029 1326 eidem
1062 1239 1229 1328 basilice
1248 1244 1493 1327 necessaria:
1511 1244 1608 1323 nec-

200 1392 286 1447 non
320 1379 361 1448 et
393 1365 481 1447 aliis
515 1365 702 1448 ecclesiis
735 1365 800 1448 dci
832 1365 958 1471 regali
991 1367 1161 1449 donauit
1192 1365 1607 1472 largitate-Interce-

200 1503 283 1570 tera
333 1514 433 1568 vero
470 1487 583 1569 dedit
626 1488 758 1570 eidem
803 1488 976 1572 Albensi
1017 1490 1191 1573 ecclesie
1229 1490 1407 1596 quedam
1442 1488 1611 1569 donaria

200 1611 457 1718 sempiterne
490 1611 688 1692 memorie
721 1611 854 1716 digua,
889 1611 970 1693 duo
1003 1612 1160 1694 scilicet
1182 1611 1413 1712 racionalia,
1432 1637 1608 1718 quorum

197 1745 426 1839 utrumque
471 1733 651 1814 babebat
689 1761 800 1816 <traam
843 1749 1081 1816 contextam
1130 1725 1391 1844 septuaginta
1432 1747 1609 1840 quatuor

199 1856 351 1937 marcis
395 1857 483 1936 artri
526 1857 733 1963 purissimi
775 1871 816 1936 et
857 1847 1064 1964 lapidibus
1106 1857 1311 1964 preciosis,
1346 1848 1427 1962 (jue
1460 1857 1606 1937 beatus

197 1977 452 2060 Benedictus
500 1992 641 2059 sancte
690 2005 857 2060 romane
903 1979 1076 2060 ecclesie
1122 1980 1319 2086 pontifex,
1368 1977 1417 2059 ad
1464 2003 1607 2085 preces

198 2099 333 2183 sancti
366 2097 564 2208 Stephani
597 2091 847 2206 registante
881 2099 1364 2208 auctoritatispriuilegio
1382 2099 1604 2206 insigniuit,

198 2236 245 2305 ut
279 2222 521 2330 quicunque
554 2224 593 2303 in
629 2223 876 2305 celebrando
908 2225 1077 2306 missam
1112 2225 1169 2305 eis
1201 2236 1397 2325 uteretur,
1424 2222 1606 2328 legitime

198 2355 341 2452 posset
377 2371 517 2449 regem
552 2345 763 2451 inungere,
807 2372 1015 2447 coronare,
1050 2360 1090 2427 et
1121 2346 1255 2452 gladio
1288 2347 1515 2450 accingere.
1557 2342 1610 2425 Et

198 2467 300 2575 quia
342 2466 519 2574 pecnnia
563 2466 670 2550 illius
711 2468 834 2577 gyule
869 2469 948 2551 fuit
989 2469 1098 2550 male
1140 2467 1351 2575 acquisita,
1392 2467 1485 2548 ideo
1517 2467 1608 2574 ipsa

199 2589 379 2672 ecclesia
409 2589 649 2696 frequenter
681 2605 742 2673 est
774 2617 896 2698 passa
927 2590 1179 2672 incendium.
1213 2591 1258 2671 ln
1293 2591 1438 2671 eadem
1465 2601 1604 2672 atatem

200 2712 390 2810 ecclesia,
433 2711 570 2819 ipsum
613 2714 869 2795 acttmculurn
913 2741 1034 2795 suurn
1080 2741 1174 2794 cum
1218 2725 1304 2794 tota
1344 2711 1500 2794 familia
1532 2739 1608 2794 sna

200 2837 361 2942 absque
409 2833 516 2914 velle
558 2834 745 2941 conpulit
786 2837 992 2943 baptizari,
1036 2837 1105 2918 sed
1153 2829 1337 2943 postea¹)
1381 2833 1605 2915 honorifice

202 2957 338 3038 tenuit
370 2955 476 3037 sicut
508 2970 679 3064 patrem.
714 2956 869 3062 Regina
900 2984 996 3040 vero
1031 2957 1179 3058 Keisla‚
1199 2983 1306 3039 uxor
1338 2957 1466 3038 sancti
1500 2957 1606 3061 regis

203 3079 356 3160 dictam
391 3078 610 3160 ecclesiam
643 3080 776 3161 aureis
809 3081 1013 3183 crucibus
1032 3079 1194 3162 lusoriis
1227 3079 1389 3180 tabulis,
1409 3078 1607 3160 calicibus

204 3201 380 3307 gemmis
414 3215 455 3280 et
486 3193 736 3282 ornamentis
770 3203 875 3283 ultra
908 3202 1077 3282 modurn
1112 3202 1268 3283 ditauit.
1400 3235 1401 3238 ¹

205 3461 397 3546 XXXIX.
420 3458 489 3537 De
504 3456 791 3539 edificatione
809 3458 971 3563 templi
987 3483 1072 3564 per
1089 3463 1302 3538 sanctum
1320 3455 1606 3561 Stephanum

425 3601 587 3684 regom
613 3579 660 3660 lu
688 3579 846 3661 Veteri
873 3579 1008 3662 Buda
1033 3603 1117 3685 pro
1145 3578 1389 3660 monton.

360 3809 521 3892 Deinde
564 3824 731 3893 sanctus
775 3841 849 3893 rex
891 3814 1003 3894 reuit
1044 3815 1083 3894 in
1119 3812 1328 3894 ciuitatem
1363 3839 1444 3920 que
1479 3810 1607 3894 Vetus

208 3933 322 4016 Buda
357 3945 538 4034 vocatur,
571 3961 655 4014 una
688 3961 784 4015 eum
816 3933 899 4014 filio
932 3962 1007 4017 suo
1033 3948 1174 4016 sancto
1193 3932 1379 4016 Emerioo
1398 3949 1439 4015 et
1455 3931 1606 4038 regina.

208 4053 384 4136 Etcum
419 4055 476 4138 ibi
507 4082 590 4137 uon
623 4055 850 4139 inuenisset
883 4057 1047 4164 aliquod
1082 4057 1197 4165 pium
1232 4082 1337 4164 opus
1369 4055 1408 4136 in
1433 4054 1605 4156 Clnist0,

209 4175 247 4258 in
282 4203 365 4284 quo
398 4178 526 4284 possit
559 4177 716 4259 laudari
749 4193 906 4260 creator
938 4178 1136 4282 munium,
1159 4177 1294 4260 statim
1324 4176 1607 4260 sarrctissimus

209 4325 280 4380 rex
314 4299 365 4380 de
399 4299 592 4382 thezauro
624 4298 797 4406 predicti
828 4301 945 4383 llean
980 4301 1096 4384 ducis
1129 4301 1392 4406 bulgarorum
1430 4314 1470 4380 et
1501 4299 1607 4381 scla-

209 4446 367 4522 uorum,
402 4448 526 4528 quem
562 4421 778 4522 occiderat,
815 4422 924 4531 cepit
955 4423 997 4504 in
1031 4423 1167 4505 medio
1199 4421 1377 4504 ciuitatis
1416 4420 1605 4502 edificare

208 4543 359 4648 pande
392 4543 614 4624 cenobium
646 4543 687 4624 in
720 4543 875 4627 honore
892 4545 1170 4653 apostolorum
1189 4543 1395 4651 l‘e(43)tri
1419 4555 1460 4624 ct
1479 4542 1605 4645 Pauli,

211 4664 374 4747 ditando
407 4664 523 4746 illud·
544 4664 683 4747 multis
715 4665 867 4773 prediis
901 4682 941 4749 et
973 4667 1095 4750 simili
1129 4667 1315 4749 libertate
1348 4691 1517 4746 romane
1538 4693 1606 4746 ec·

212 4787 331 4870 clesic
362 4786 585 4890 fulciendo,
620 4787 660 4868 in
693 4790 933 4872 memoriam
969 4804 1009 4870 et
1042 4789 1239 4872 bonorem
1272 4788 1384 4870 curie
1425 4802 1605 4891 romane,

211 4973 411 4986 *-

314 5039 339 5149 1)
367 5043 584 5146 postmodum
611 5047 651 5124 T.
