3900 5762
1054 499 1117 566 124

1004 589 1160 602 b---o--ae

382 710 433 794 de
467 711 775 818 habitatoribus,
810 711 921 822 quod
953 717 1135 822 optimus
1162 711 1314 798 fluuius
1349 724 1458 796 esset
1489 709 1720 813 Danubius,
1746 723 1783 790 et

382 834 528 916 melior
569 847 677 917 terra
716 837 758 918 in
797 836 955 919 mundo
993 865 1076 920 non
1115 851 1224 922 esset
1266 837 1452 946 partibus
1485 834 1583 916 illis:
1616 847 1782 940 accepto

382 957 521 1063 itaque
555 959 766 1040 cummuni
799 959 968 1042 consilio
1015 961 1218 1044 miserunt
1246 960 1447 1042 nuncium
1472 956 1639 1038 nomine
1657 953 1783 1036 Kusid

381 1077 511 1159 filium
546 1079 684 1182 Kund,
718 1095 764 1163 ut
795 1080 873 1162 iret
904 1095 945 1162 et
976 1097 1102 1164 totam
1137 1098 1288 1165 terram
1331 1079 1595 1190 prospiceret,
1628 1077 1785 1158 hahita·

382 1214 574 1307 roresque
607 1217 713 1284 terre
746 1217 998 1308 agnosceret.
1027 1203 1131 1287 Cum
1167 1231 1262 1312 ergo
1295 1203 1425 1287 Kusid
1443 1201 1626 1284 venisset
1641 1200 1683 1280 iu
1702 1226 1785 1279 me·

382 1321 497 1403 dium
531 1321 720 1429 Vugarie‚
754 1338 795 1406 et
827 1325 935 1406 circa
966 1342 1103 1434 partes
1136 1327 1317 1436 llanuby
1350 1318 1672 1429 descendisset')
1691 1320 1787 1402 vidit

384 1443 520 1525 locum
555 1471 752 1529 amenum
782 1461 823 1528 et
855 1447 1179 1558 circumquaque
1196 1465 1347 1532 terram
1365 1449 1518 1530 bonam
1536 1471 1584 1528 ac
1600 1443 1786 1542 fertilem,

382 1565 558 1649 fluuium
591 1569 748 1650 bouum
783 1582 824 1650 et
855 1583 1080 1677 pratosum,
1114 1571 1271 1681 placuit
1303 1572 1351 1653 ei.
1400 1567 1562 1650 Deinde
1595 1565 1709 1648 venit
1741 1565 1788 1646 ad

384 1688 532 1769 ducem
566 1691 780 1796 prouincie
813 1691 883 1799 qui
917 1696 1116 1799 regnabat
1147 1695 1413 1803 postAtilam
1431 1703 1624 1773 vocatum
1646 1689 1791 1769 Zuata·

383 1811 521 1918 pclug.
554 1810 843 1921 Salutauitque
877 1841 972 1896 eum
1008 1815 1059 1898 de
1092 1818 1189 1921 suis,
1217 1831 1258 1898 et
1289 1842 1457 1898 causam
1476 1838 1549 1922 pro
1567 1838 1651 1920 qua
1667 1837 1790 1892 vene·

384 1946 446 2014 rat
478 1934 770 2018 manifestauit.
802 1935 890 2017 Hec
925 1938 1098 2021 audiens
1130 1939 1387 2047 Zuatapclug
1419 1936 1586 2042 gauisus
1615 1945 1677 2015 est
1693 1959 1791 2037 gan·

384 2054 1794 2165 hommummmmmssmemwwmsmrmmn

385 2191 426 2257 et
457 2192 607 2260 terram
641 2179 730 2262 eius
763 2180 967 2284 colerent3
1011 2197 1179 2292 prepter
1217 2182 1296 2264 hcc
1329 2181 1529 2265 nuncium
1569 2177 1791 2260 delicatum

384 2299 552 2382 remisit.
594 2301 726 2386 Kusid
769 2315 907 2386 autem
943 2306 994 2386 de
1026 2331 1136 2414 aqua
1167 2305 1348 2414 llanuby
1380 2304 1570 2409 lagenam
1614 2299 1793 2408 implens

386 2434 428 2501 et
458 2420 629 2505 herbam
670 2425 878 2532 periarum
919 2453 1080 2534 ponens
1116 2429 1157 2509 in
1200 2442 1347 2530 utrem,
1391 2443 1432 2508 et
1468 2425 1519 2504 de
1553 2437 1659 2504 terra
1690 2419 1793 2528 nigri

385 2542 1796 2656 mfflmfflfflmmmmfflffimwssmmwwmfflmt

385 2665 525 2747 omnia
557 2694 639 2774 que
673 2669 859 2752 audierat
891 2684 933 2752 et
963 2673 1133 2776 viderat,
1167 2673 1287 2755 valde
1321 2670 1478 2780 placuit
1509 2669 1580 2768 eis,
1614 2679 1656 2748 et
1681 2666 1795 2772 lage·

384 2813 481 2868 narn
515 2814 623 2896 aque
656 2803 805 2873 terram
840 2804 881 2874 et
913 2793 1084 2876 herbam
1119 2795 1176 2878 eis
1218 2793 1484 2904 presentauit.
1534 2787 1598 2872 De
1641 2788 1796 2896 quibus

385 2909 465 3018 ipsi
496 2910 695 3020 sapiendo
727 2914 836 2996 bene
869 2932 1165 3021 cognouerunt,
1200 2918 1311 3024 quod
1344 2932 1452 2998 terra
1483 2912 1640 3021 optima
1657 2910 1723 3010 sit,
1757 2923 1799 2991 et

385 3057 537 3138 aquarn
581 3035 763 3118 habebat
804 3037 983 3142 dulcem,
1018 3054 1059 3121 et
1090 3053 1255 3148 pratum
1289 3067 1383 3121 cum
1419 3035 1556 3118 herbis
1588 3033 1798 3117 similibus

386 3181 469 3262 que
501 3157 678 3241 nuncius
712 3159 770 3241 eis
802 3158 1002 3242 recitauit.
1044 3162 1184 3271 Arpad
1217 3188 1315 3246 vero
1355 3187 1450 3242 cum
1485 3156 1569 3240 suis
1602 3156 1654 3238 de
1688 3181 1800 3263 aqua

384 3273 566 3388 Danuby
599 3304 728 3362 eomu
760 3282 937 3390 implens
971 3298 1012 3365 et
1043 3299 1138 3366 ante
1164 3309 1310 3367 omnes
1327 3281 1533 3388 hungaros
1550 3305 1678 3386 super·
1694 3277 1798 3360 illud

386 3424 515 3483 cornu
555 3403 849 3511 omnipotentis
887 3403 953 3486 dei
997 3405 1258 3488 clementiam
1300 3405 1482 3512 rogauit3
1525 3415 1570 3484 ut
1602 3400 1801 3482 dominus

386 3519 444 3604 eis
477 3535 627 3606 terram
660 3524 702 3607 in
733 3540 984 3635 perpetuum
1018 3529 1275 3611 concederet.
1299 3526 1440 3610 Finitis
1458 3526 1535 3633 hys
1551 3523 1690 3606 verbis
1709 3550 1801 3604 om·

385 3668 460 3726 nes
492 3646 667 3752 hungari
714 3648 1002 3732 clamauerunt
1043 3650 1147 3734 deus
1186 3652 1289 3734 deus
1321 3650 1425 3732 deus
1456 3647 1588 3729 tribus
1620 3645 1803 3727 vicibus.

385 3763 437 3846 Et
469 3767 523 3848 ibi
555 3766 751 3852 inuentus
785 3785 848 3854 est
878 3798 979 3855 usus
1011 3773 1099 3877 iste,
1142 3787 1183 3854 et
1214 3784 1403 3856 seruatur
1434 3769 1546 3879 apud
1589 3767 1803 3873 hungaros

386 3915 521 3995 usque
554 3890 690 3972 modo.
722 3888 884 3975 Deinde
918 3897 1130 3976 communi
1163 3894 1333 3978 consilio
1367 3893 1418 3974 ad
1451 3890 1685 4000 predictum
1723 3889 1804 3970 du·

388 4036 479 4092 cem
514 4011 694 4093 eundem
728 4014 928 4097 nuncium
961 4017 1219 4121 remiserunt,
1254 4015 1363 4097 etei
1396 4041 1554 4122 equum
1595 4039 1802 4118 magnum

388 4161 483 4216 cum
518 4132 620 4216 sella
652 4134 849 4218 deaurata
881 4163 980 4220 auro
1022 4137 1186 4242 Arabie,
1221 4153 1262 4220 et
1293 4139 1407 4220 freno
1442 4135 1639 4219 deaurato
1672 4134 1806 4217 mise·

389 4269 486 4339 runt
516 4281 591 4363 pro
623 4269 730 4339 terra
761 4285 849 4345 sua.
884 4257 975 4355 Quo
1008 4261 1096 4344 riso
1129 4263 1216 4343 dux
1249 4262 1338 4369 ipse
1370 4260 1500 4366 magis
1532 4255 1702 4364 gauisus
1722 4284 1806 4364 pu·

390 4379 516 4481 tabat,
560 4379 672 4485 quod
706 4380 742 4461 ei
784 4406 857 4488 pro
902 4397 1009 4464 terra
1052 4383 1232 4491 quadam
1277 4381 1527 4490 hospitalary
1575 4377 1807 4462 misissent.

390 4499 576 4583 Nuncius
625 4527 720 4607 ergo
761 4501 1000 4611 impetrauit
1040 4505 1097 4587 ibi
1130 4535 1155 4587 a
1186 4505 1293 4588 duce
1341 4519 1490 4586 terram
1540 4501 1713 4584 herbam
1765 4515 1808 4582 et

391 4648 557 4730 aquam.
589 4621 689 4705 Dux
721 4651 818 4706 vem
851 4627 1068 4709 subridens
1109 4628 1186 4709 ait:
1228 4627 1421 4710 Habeant
1457 4635 1659 4734 quantum
1696 4651 1810 4706 cun·

393 4770 474 4853 que
506 4743 653 4826 volunt
684 4771 757 4853 pro
790 4747 868 4828 hoc
902 4775 1086 4832 munere.
1127 4749 1179 4834 Et
1219 4749 1277 4834 sic
1309 4748 1487 4834 nuncius
1520 4747 1570 4832 ad
1604 4771 1703 4830 suos
1741 4773 1810 4828 re·

392 4935 576 4946 ,φ-

500 4934 771 5114 huma
