3900 5762
874 495 914 587 al

822 613 976 622 ———-

192 751 299 822 trum
343 731 385 820 in
418 765 557 844 regem
605 763 689 818 non
721 737 991 845 susciperent,
1030 736 1142 842 quod
1176 734 1303 819 Cesar
1334 755 1599 844 sununopere

192 861 390 970 perficere
424 862 654 941 affectabat.
688 857 902 966 Obligatus
944 858 1054 940 enim
1089 874 1174 940 erat
1208 859 1244 939 ei
1278 854 1521 962 iuramento,
1553 874 1601 942 ut

194 985 331 1091 ipsum
363 985 406 1064 in
438 1011 613 1090 regnum
644 981 854 1088 Hungarie
887 983 1031 1064 iterato
1065 981 1296 1062 collocaret.
1324 979 1430 1063 Cum
1459 997 1598 1064 autern

192 1105 375 1212 Huugari
409 1105 575 1187 Petrum
608 1131 692 1185 nou
724 1104 999 1207 admitterent,
1027 1103 1161 1186 missis
1195 1104 1450 1208 muneribus,
1485 1105 1599 1186 data-

193 1255 274 1336 que
306 1229 400 1331 tide,
434 1228 546 1334 quod
579 1228 766 1333 captiuos
798 1227 1121 1308 Teutonicorum
1153 1225 1282 1308 libere
1315 1227 1601 1334 permitterent

190 1377 388 1454 remeare,
422 1349 547 1432 Cesar
579 1349 748 1432 consilio
797 1349 991 1431 inductus
1024 1349 1140 1430 ducis
1172 1349 1404 1455 Loteringie
1438 1363 1479 1430 et
1506 1350 1600 1457 plus

192 1472 365 1554 allectus
397 1472 640 1554 muneribus
672 1471 791 1552 rediit
822 1471 1049 1553 Bizantiam
1098 1471 1335 1577 Burgundie
1375 1472 1599 1553 ciuitatem.

191 1595 254 1676 Ex
288 1594 385 1676 binc
411 1621 505 1700 ergo
537 1620 613 1675 rex
647 1595 740 1676 Aba
771 1595 992 1676 securitate
1026 1606 1198 1701 accepta
1223 1593 1333 1701 cepit
1365 1620 1456 1677 esse
1488 1595 1599 1676 inso-

191 1718 292 1820 lens,
327 1730 367 1799 et
399 1717 587 1800 seuiebat
618 1717 797 1826 superbe
831 1716 872 1796 in
910 1716 1140 1822 Huugaros,
1189 1716 1349 1798 nobiles
1383 1730 1599 1824 contemp·

191 1867 307 1940 nens,
350 1839 423 1921 sed
468 1851 508 1919 et
556 1838 841 1921 iusiurandum
879 1865 952 1946 pro
994 1839 1145 1920 nichilo
1177 1839 1399 1944 reputabat
1430 1839 1596 1922 violare.

190 1961 376 2066 Hungari
409 1987 505 2042 vero
538 1962 726 2043 nolentes
758 1961 799 2040 id
832 1960 869 2044 ei
886 1961 1100 2064 sustinere,
1120 1961 1419 2067 conspirarunt,
1437 1975 1484 2043 ut
1502 1988 1599 2044 eum

191 2084 312 2164 morti
345 2084 553 2165 traderent
585 2101 626 2164 et
657 2082 903 2164 occiderent.
936 2081 1016 2164 Sed
1051 2084 1219 2190 quidam
1253 2084 1432 2191 prodidit
1465 2084 1599 2166 consi·

191 2206 306 2308 lium,
341 2233 394 2286 ex
429 2207 580 2312 quibus
614 2232 718 2312 quos
751 2232 898 2312 capere
936 2206 1081 2312 potuit,
1114 2205 1202 2288 sine
1233 2206 1372 2288 iudicii
1406 2206 1599 2288 examine

191 2329 407 2430 interfecit,
441 2327 551 2435 quod
586 2328 623 2408 ei
656 2328 792 2408 extitit
831 2327 872 2408 iu
910 2355 1120 2410 summum
1161 2329 1344 2410 maxime
1378 2329 1600 2410 detrimen·

190 2467 293 2531 tum.
327 2449 432 2531 Nam
464 2451 572 2532 viros
605 2450 905 2556 quinquaginta
937 2450 1179 2533 consiliandi
1222 2477 1349 2534 eausa
1388 2451 1429 2533 in
1474 2478 1599 2533 unam

191 2573 363 2653 domum
402 2573 603 2676 euocauit,
653 2573 805 2679 quibus
848 2573 890 2653 in
933 2572 1077 2653 eadem
1116 2573 1286 2656 inclusis
1329 2573 1484 2656 crimen
1517 2600 1601 2656 non

190 2696 402 2777 confessos
445 2722 523 2775 nec
563 2694 775 2776 conuictos
822 2694 994 2800 legibus,
1041 2709 1167 2802 caput
1213 2696 1311 2777 fecit
1353 2697 1599 2778 detruncari.

191 2817 312 2898 Unde
361 2819 508 2900 beatus
556 2817 762 2898 Gerardus
811 2815 1108 2900 Chenadiensis
1150 2818 1370 2927 episcopus
1403 2819 1602 2901 canonica

191 2940 413 3022 seueritate
447 2967 586 3044 regern
620 2939 842 3046 corripiens
875 2939 1058 3046 predixit
1088 2939 1166 3021 sibi
1199 2941 1432 3047 periculum
1465 2941 1601 3022 immi·

190 3089 302 3142 uere.
335 3061 453 3144 Tunc
486 3061 655 3168 quidam
689 3089 741 3142 ex
776 3060 980 3166 Hungaris
1012 3061 1217 3167 fugientes
1250 3063 1303 3144 ad
1330 3062 1524 3146 Cesarem
1540 3064 1601 3144 lo·

191 3185 276 3264 cuti
310 3197 406 3266 suut
440 3197 582 3264 contra
614 3184 751 3264 Abam
768 3183 965 3286 dicentes,
982 3184 1091 3290 quod
1117 3210 1191 3291 pro
1209 3185 1360 3266 nichilo
1393 3186 1601 3268 iuramen-

190 3322 279 3386 tum
315 3319 523 3412 rcputaret
555 3305 719 3408 violare,
740 3305 983 3412 nobilesque
1012 3307 1084 3413 qui
1117 3335 1213 3388 eum
1245 3333 1386 3413 regem
1418 3309 1603 3388 fecerant

190 3429 528 3536 contempnebat.
576 3427 737 3522 Quibus
773 3427 880 3508 dixit
915 3428 1163 3535 imperator:
1208 3428 1380 3537 Oportet
1428 3456 1523 3534 ergo
1556 3444 1603 3512 ut

191 3551 380 3656 captiuos
413 3551 568 3651 reddat,
602 3551 783 3658 dampna
817 3551 1089 3633 emendando,
1126 3550 1251 3634 Cesar
1277 3551 1400 3657 igitur
1431 3551 1601 3658 Hungu-

190 3699 327 3754 rorum
365 3673 572 3754 animatus
604 3671 784 3774 consitio,
804 3702 898 3754 cum
920 3673 1106 3754 exercitu
1123 3672 1270 3755 Norico
1305 3686 1346 3754 et
1378 3674 1600 3757 Bolremico

188 3794 403 3877 Austriam
437 3795 629 3896 introiuit,
664 3794 927 3877 dissimulans
946 3823 989 3878 se
1008 3795 1049 3876 in
1067 3795 1321 3900 Hungariarn
1339 3797 1598 3901 intraturum,

188 3917 263 4000 sed
296 3916 495 4000 simulans
527 3945 622 3998 cum
656 3918 748 3998 ,lbet
782 3919 1041 3998 concordare.
1073 3918 1191 4000 Tunc
1219 3919 1352 4000 nuntii
1386 3920 1478 4001 Aba
1495 3919 1600 4026 regis

190 4040 440 4148 repetebant
473 4041 724 4121 incessanter
757 4067 781 4120 a
814 4037 962 4120 Cesare
981 4039 1197 4146 Hungaros
1216 4040 1287 4147 qui
1321 4041 1373 4122 ad
1407 4039 1600 4124 Cesarem

187 4163 397 4266 sugerunt,
446 4176 747 4268 conquerentes
789 4189 837 4241 ac
880 4162 1064 4244 diceutes
1106 4161 1310 4270 predones
1349 4175 1391 4244 et
1421 4163 1600 4246 latrones

188 4284 303 4392 ipsos
336 4311 438 4386 esse,
472 4311 703 4390 guerraque
718 4279 744 4389 ¹)
780 4283 884 4365 inter
916 4283 1109 4366 Cesarem
1142 4301 1183 4366 et
1214 4285 1431 4392 Hungaros
1463 4286 1595 4394 preci·

189 4433 298 4514 puos
340 4401 620 4512 intentor-esst)
670 4405 845 4512 ideoque
894 4406 1130 4488 luriusmodi
1168 4406 1393 4514 iniquitatis
1425 4408 1600 4490 artifices

188 4529 231 4609 iu
269 4556 417 4610 manus
450 4529 541 4611 ,lbc
576 4528 679 4633 regis
713 4528 815 4608 tradi
849 4543 1050 4635 oportere.
1084 4529 1202 4624 Quod
1235 4531 1443 4612 facturum
1460 4557 1505 4612 se
1523 4528 1599 4610 Ce-

189 4678 259 4732 sar
289 4651 476 4759 promisit
497 4651 581 4732 ullo
615 4651 749 4731 modo.
783 4649 996 4731 Concitato
1030 4651 1151 4756 igitur
1183 4679 1307 4736 cursu
1328 4651 1481 4734 inuasit
1496 4651 1599 4734 fines

191 4771 419 4879 Hungarie'
437 4775 591 4855 intrans
624 4800 698 4878 per
729 4770 981 4878 Supruuiuur
1018 4791 1059 4852 ct
1091 4803 1186 4855 cum
1219 4774 1346 4854 vellet
1364 4774 1402 4853 in
1421 4770 1598 4880 Bobut³)

304 5037 328 5124 ¹)
357 5055 576 5126 quaeroque.
609 5031 634 5129 ¹)
666 4989 870 5104 incertiores.
891 5036 919 5122 ³)
950 5033 1075 5105 Bobut.
