3896 5758
822 495 964 625 --ad-

184 742 256 824 fati
288 741 450 825 nobiles
484 757 524 823 et
566 742 749 850 episcopi
790 755 1081 845 conuenerant,
1132 744 1171 823 in
1208 769 1347 847 regem
1392 735 1587 848 hungaris

183 863 347 946 tradidit
378 864 623 945 naturalem.
656 863 707 944 Et
735 865 809 970 ipsi
830 866 1026 948 confectis
1046 864 1331 947 instrumentis
1364 865 1587 963 literarum,

183 1001 223 1068 et
257 988 445 1067 roborato
478 987 572 1066 lidei
605 988 865 1066 firmamento
899 987 1148 1067 unanimiter
1180 1001 1465 1093 susceperunt.
1501 987 1588 1068 Ab·

183 1108 277 1188 hinc
309 1108 367 1188 'l'e
400 1110 526 1189 deum
560 1109 777 1189 laudamus
811 1108 1006 1190 altissime
1036 1108 1338 1216 proclamantes
1364 1109 1415 1189 ad
1435 1109 1586 1190 Albam

183 1231 395 1312 ciuitatem
427 1231 579 1335 regiam
615 1230 885 1332 deuenerunt,
920 1231 990 1312 ubi
1025 1230 1227 1312 lohannes
1253 1230 1588 1338 archiepiscopus

184 1351 421 1434 Colocensis
455 1381 550 1433 cnm
585 1353 788 1459 episcopis
821 1353 909 1433 aliis
942 1353 1132 1460 superius
1165 1353 1386 1434 nominatis
1426 1352 1589 1433 honori·

183 1473 258 1555 fice
292 1502 389 1555 eum
424 1490 682 1555 coronarunt.
716 1473 843 1555 Sedes
876 1503 1057 1581 namque
1091 1489 1190 1554 tunc
1209 1474 1588 1581 archiepiscopatus

183 1594 483 1701 Strigoniensis,
516 1597 703 1678 uacabat.
741 1596 840 1676 lude
857 1596 1016 1678 lludam
1039 1596 1265 1696 uenientes,
1284 1597 1424 1702 ibique
1443 1596 1590 1677 lohan-

183 1745 256 1800 nes
289 1718 624 1825 archiepiscopus
659 1718 909 1799 obdormiuit
943 1719 981 1798 in
1017 1719 1196 1819 domino,
1230 1733 1272 1798 et
1299 1717 1473 1799 lacobus
1502 1718 1589 1824 epi-

183 1868 334 1947 scopus
366 1838 606 1947 Scepsensis
641 1841 800 1946 quieuit
834 1841 871 1920 in
906 1867 1021 1947 pace.
1065 1840 1340 1922 'llnnulantur
1371 1855 1511 1920 autem
1549 1841 1589 1920 in

183 1962 356 2044 ecclesia
389 1962 519 2043 saneti
552 1961 744 2042 Iohannis
778 1963 886 2069 apud
925 1961 1082 2043 llratrus
1116 1964 1305 2042 mimnes.

186 2223 291 2304 XCI.
323 2217 425 2298 Rex
441 2215 692 2298 Ladizlaus
710 2219 962 2299 reuertitur
975 2218 1035 2299 ad
1049 2220 1250 2322 patriam
1265 2241 1399 2299 suam
1414 2219 1593 2299 seilicet

758 2359 1041 2439 Bohemiam.

342 2571 488 2652 Postea
530 2599 624 2676 rege
668 2572 747 2652 iam
793 2573 913 2673 dicto,
958 2601 1083 2680 quem
1127 2572 1310 2679 Hnngari
1354 2571 1591 2653 ladizlaum

187 2705 455 2794 uocauerunt,
489 2693 530 2772 in
563 2693 680 2775 Buda
713 2694 888 2800 degente
930 2695 1092 2776 nullum
1137 2709 1330 2795 castrum,
1372 2695 1486 2777 nulla
1517 2719 1592 2801 po·

187 2815 322 2897 tencia
354 2842 428 2897 seu
461 2829 653 2922 potestas,
689 2817 849 2898 nullum
883 2818 946 2898 ius
977 2818 1124 2922 regale,
1159 2817 1266 2900 sicut
1284 2816 1432 2898 Carula
1450 2842 1591 2924 puero,

188 2965 240 3019 ex
273 2949 390 3046 parte
423 2937 624 3019 baronum
660 2939 941 3020 restituuntur.
976 2938 1056 3020 Sed
1090 2939 1215 3046 (134)
1249 2967 1332 3020 una
1364 2965 1459 3045 pars
1477 2938 1592 3043 regni

189 3057 397 3162 Carulum,
431 3058 559 3140 altera
590 3058 823 3142 Ladizlaum
861 3090 998 3167 regem
1032 3061 1299 3168 appellabant
1316 3061 1483 3141 nomine
1501 3073 1591 3140 tan·

190 3198 276 3263 tum
310 3181 382 3263 sed
415 3207 498 3262 non
530 3210 572 3262 re
606 3182 673 3263 uel
708 3184 858 3264 effectu
892 3184 1000 3288 regie
1036 3183 1269 3285 maiestatis,
1303 3211 1378 3264 scu
1409 3193 1592 3289 potesta-

190 3305 250 3386 tis.
283 3303 400 3385 'l‘unc
433 3330 506 3383 rex
541 3302 794 3388 Venoezlaus
828 3318 944 3412 pater
974 3305 1152 3386 Ladizlai
1194 3305 1356 3386 nouiter
1398 3303 1591 3406 coronati,

191 3425 336 3508 uidens
370 3439 410 3505 et
443 3426 705 3508 considerans
740 3428 926 3533 palliatas
944 3429 1154 3510 uersucias
1171 3426 1463 3532 hungarorum,
1482 3451 1590 3507 anno

192 3548 343 3628 domini
377 3545 624 3628 llCCCttto
659 3578 752 3630 cum
790 3551 1050 3630 multitudine
1092 3548 1297 3630 exercitus
1339 3548 1591 3629 Pannoniam

193 3687 253 3751 est
284 3669 502 3774 ingressus,
537 3685 577 3750 ct
609 3671 725 3752 iuxta
760 3670 997 3753 Danubium
1018 3673 1124 3752 circa
1146 3671 1266 3752 Pesth
1286 3669 1589 3778 aliquantulum

193 3791 385 3893 residens,
419 3791 653 3873 Ladizlaum
699 3793 828 3875 filium
871 3823 994 3876 suum
1029 3823 1123 3875 curn
1158 3819 1309 3874 corona
1342 3793 1454 3898 regni
1487 3791 1593 3874 acci·

194 3915 321 4022 piene,
355 3929 396 3993 et
428 3912 661 3996 Ladizlaum
699 3915 827 3997 tilium
853 3913 1037 3997 Vernerii
1072 3930 1271 3996 rectorem
1306 3942 1381 3996 seu
1415 3915 1592 3998 iudicem

194 4035 434 4137 budensem,
469 4036 507 4115 in
542 4063 664 4118 suum
698 4065 869 4142 regnum
905 4038 944 4119 in
977 4066 1080 4145 pace
1115 4038 1343 4119 reuertitur.

195 4295 317 4381 XCll.
348 4291 481 4396 Papa
506 4315 591 4396 per
618 4293 885 4376 sacerdotes
911 4292 1142 4376 burenses
1162 4293 1595 4376 excommunicatur.

349 4523 502 4605 Eodem
538 4537 722 4632 tempore
764 4525 903 4606 Frater
945 4525 1138 4607 Nicolaus
1180 4527 1230 4604 de
1269 4523 1420 4605 Ordine
1459 4522 1595 4604 Prodi·

196 4659 377 4729 catorrun
421 4646 639 4755 episcopus
682 4647 911 4731 Hostiensis
953 4647 1190 4749 Cardinalis,
1230 4645 1453 4753 apostolice
1486 4644 1595 4726 sedis

195 4767 433 4851 auctoritate
481 4769 686 4870 suffultus
720 4771 760 4852 in
804 4769 1058 4876 Hungariam
1099 4797 1172 4878 pro
1214 4767 1362 4850 Carulo
1411 4767 1593 4850 aduenit.

195 4887 271 4985 Qui
303 4891 419 4972 Bude
453 4890 669 4973 residendo
702 4892 847 4975 diebus
880 4892 1047 5000 aliquot,
1081 4891 1229 4972 uidens
1262 4917 1305 4971 sc
1328 4888 1453 4971 nichil
1472 4915 1594 4996 posse

195 5011 402 5120 proficere,
435 5039 625 5097 reuersus
659 5014 794 5096 estin
827 5015 995 5117 curiam,
1029 5028 1071 5096 ct
1101 5013 1158 5096 ibi
1190 5023 1350 5094 mortuo
1383 5010 1594 5094 Bonifaoio
