3896 5758
972 475 1129 600 ,χε-6-

350 703 433 799 Sed
465 715 602 817 miror,
635 713 817 822 quiade
848 740 1000 820 genere
1032 714 1187 799 ducum
1220 743 1305 798 non
1335 716 1460 821 fuisti,
1510 745 1584 800 cur
1625 718 1755 800 duca-

349 854 439 922 tum
454 838 639 940 uolebas,
651 864 730 918 nec
757 837 809 917 de
842 839 1066 945 propagine
1085 838 1182 945 —*)
1202 865 1329 946 quare
1347 866 1539 922 coronam
1559 841 1757 949 optabas?

349 961 481 1043 Video
512 987 626 1042 nunc
658 959 756 1068 quia
788 984 858 1040 cor
889 961 1000 1067 quod
1034 960 1085 1041 ad
1118 961 1317 1042 ducatum
1357 961 1579 1044 anhelabat
1611 963 1758 1045 lancea

348 1085 603 1191 perforatum
635 1081 754 1183 iacet,
787 1093 829 1162 et
860 1095 986 1188 caput
1028 1082 1140 1190 quod
1182 1109 1376 1165 coronam
1419 1085 1590 1190 optabat
1620 1084 1757 1189 gladio

349 1207 524 1289 scissum
558 1217 632 1287 est.
665 1202 747 1284 Sed
780 1217 821 1284 et
852 1204 989 1310 ipsum
1022 1204 1197 1312 sepelire
1229 1205 1427 1312 precepit.

504 1326 655 1409 Milites
688 1351 784 1432 ergo
817 1326 951 1434 Geyse
985 1337 1026 1408 et
1057 1326 1246 1430 Ladidai,
1281 1327 1353 1433 qui
1386 1326 1556 1409 consilio
1589 1327 1681 1436 Vyd
1714 1329 1757 1409 in

348 1451 459 1532 bello
492 1450 544 1531 de
578 1459 708 1530 morte
740 1448 911 1530 fratrum
928 1447 1205 1552 uelfiliorum‚
1239 1449 1512 1535 amaritudine
1546 1451 1758 1557 complexi

347 1574 523 1674 fuerant,
556 1570 694 1654 statim
728 1570 780 1651 de
813 1595 921 1677 equo
954 1570 1269 1674 descenderunt,
1304 1585 1345 1651 et
1377 1584 1523 1677 pectus
1557 1599 1653 1653 cum
1683 1601 1757 1654 cu·

345 1695 445 1776 tello
478 1693 727 1796 scindentes,
760 1692 812 1773 ad
846 1692 988 1775 oculos
1021 1718 1118 1776 suos
1151 1692 1421 1794 diuerterunt,
1457 1706 1498 1773 et
1529 1704 1680 1774 tenam
1712 1695 1756 1775 in

346 1818 488 1900 oculos
521 1815 610 1899 eius
642 1814 888 1924 proicientes
922 1814 1138 1896 dixerunt:
1172 1813 1397 1922 Nunquam
1415 1815 1522 1896 oculi
1552 1816 1613 1896 tui
1631 1817 1756 1900 rebus

345 1951 387 2022 et
417 1939 630 2022 nobilitate
663 1936 804 2020 saciati
836 1948 945 2038 sunt,
979 1963 1090 2018 nunc
1117 1949 1258 2019 autem
1280 1937 1421 2018 oculos
1439 1949 1532 2020 tuos
1551 1951 1592 2018 ct
1608 1951 1755 2045 pectus

344 2074 453 2145 terra
483 2061 623 2145 saciet.

500 2183 602 2265 Dux
633 2194 775 2264 autem
806 2180 1080 2264 bohemorum
1113 2179 1252 2282 ottho,
1295 2181 1367 2289 qui
1410 2181 1592 2263 animam
1635 2209 1753 2265 suam

345 2333 421 2415 pro
453 2306 512 2390 eis
544 2318 751 2415 posuerat,
785 2303 951 2410 copiose
982 2315 1271 2385 remuneratus
1288 2303 1541 2411 repatriauit.
1560 2302 1753 2412 Cumque

345 2427 538 2510 Salomon
571 2426 756 2510 uenisset
788 2424 839 2506 ad
871 2423 1036 2527 Musun,
1068 2425 1214 2508 videns
1242 2438 1374 2507 mater
1390 2425 1478 2508 eius
1495 2425 1611 2507 fleuit
1627 2453 1754 2535 super

346 2577 455 2654 eum,
499 2550 608 2634 sicut
647 2549 773 2630 <lebet
814 2573 941 2655 super
981 2546 1153 2629 unicum
1190 2547 1321 2630 filium
1355 2575 1490 2649 suum,
1525 2547 1597 2656 qui
1629 2549 1754 2630 tantis

344 2673 465 2755 bonis
496 2698 522 2754 a
553 2672 631 2752 deo
662 2669 850 2777 priuatus
882 2670 1026 2773 fuerat,
1060 2681 1101 2750 et
1132 2670 1375 2788 increpabat
1391 2669 1554 2752 dicens:
1587 2669 1664 2750 Fili
1680 2671 1753 2752 ka-

342 2795 503 2904 rissime
535 2818 751 2901 nunquam
793 2791 1012 2874 consilium
1053 2817 1194 2874 meum
1228 2790 1390 2895 audisti,
1422 2818 1502 2872 nec
1534 2793 1754 2874 consilium

343 2915 492 3026 Emey,
525 2943 604 2998 nec
636 2913 854 2996 consilium
887 2913 1062 2995 aliorum
1094 2913 1280 2995 fidelium
1299 2925 1478 3016 tuorum,
1496 2914 1569 2996 sed
1587 2941 1756 3021 semper

343 3039 640 3146 acquiescebas
673 3035 844 3118 consilio
876 3034 981 3144 Vyd,
1015 3048 1057 3116 et
1089 3062 1186 3116 ecce
1219 3035 1460 3119 destruxisti
1492 3049 1533 3116 te
1566 3048 1608 3117 et
1639 3037 1754 3117 tuos!

341 3160 490 3244 Nonne
522 3186 688 3267 semper
717 3155 986 3264 lau(8‘l)daui
1018 3169 1062 3238 et
1094 3157 1192 3258 dixi,
1211 3158 1323 3263 quod
1340 3157 1492 3240 sufficit
1509 3157 1585 3239 tibi
1602 3183 1755 3239 corona

342 3283 566 3389 Hungario,
600 3296 642 3362 et
672 3293 718 3362 ut
751 3278 868 3360 dares
886 3279 1085 3360 (locatum
1102 3279 1142 3359 in
1161 3305 1264 3386 pace
1289 3280 1483 3362 fratribus
1515 3280 1610 3362 tuis.
1631 3279 1753 3362 Nunc

342 3419 482 3488 autern
515 3404 607 3513 Vyd
642 3402 729 3484 dux
763 3427 853 3483 esse
886 3428 968 3481 non
1001 3402 1147 3509 potuit,
1182 3428 1259 3480 nec
1291 3415 1336 3481 tu
1368 3401 1547 3509 amplius
1581 3427 1752 3484 corona·

342 3529 463 3610 beris.
496 3526 587 3622 Quo
620 3524 760 3606 audito
792 3550 866 3604 rex
900 3523 1038 3624 iratus
1063 3523 1196 3605 uoluit
1214 3535 1386 3603 matrem
1406 3551 1524 3606 suam
1543 3524 1751 3605 infaciem

342 3660 570 3758 percutere,
604 3646 722 3729 cuius
754 3671 925 3725 manum
958 3672 1066 3726 uxor
1097 3671 1173 3727 sua
1204 3646 1382 3726 retinuit.
1416 3644 1503 3727 lam
1523 3646 1634 3727 enim
1653 3673 1747 3752 cog·

341 3785 515 3853 nouerat
545 3795 619 3851 rex
653 3767 860 3867 Salomon,
904 3767 1014 3873 quod
1059 3793 1141 3847 non
1185 3767 1455 3849 auxiliaretur
1486 3768 1523 3848 ei
1557 3767 1748 3849 dominus

341 3893 384 3975 in
416 3892 538 3994 bello²
572 3904 613 3972 et
645 3890 686 3971 in
720 3890 865 3970 eadem
899 3901 1020 3969 nocte
1054 3888 1218 3994 collegit
1249 3917 1294 3971 se
1326 3890 1569 3972 festinanter
1599 3890 1642 3970 in
1659 3889 1747 3972 llu-

341 4043 420 4098 sun
454 4026 495 4096 et
526 4015 672 4116 Poson,
706 4038 788 4118 que
821 4030 955 4092 castra
986 4012 1067 4092 iam
1100 4010 1259 4118 pridem
1300 4011 1548 4093 muniuerat.
1575 4009 1745 4092 Matrem

342 4163 510 4245 quoque
544 4150 586 4216 et
616 4160 793 4217 uxorem
826 4159 944 4214 suam
979 4133 1145 4240 quando
1178 4132 1219 4213 in
1253 4133 1430 4240 prelium
1463 4133 1540 4215 init
1570 4134 1653 4215 illic
1683 4159 1744 4212 re·

340 4259 536 4368 liquerat3
579 4258 631 4338 ob
670 4281 795 4363 qnam
839 4281 1005 4336 causam
1050 4255 1186 4336 uictus
1220 4255 1259 4334 in
1294 4255 1435 4361 preli0‚
1469 4255 1522 4336 ob
1557 4256 1741 4336 timorem

341 4381 496 4463 ducum
529 4379 587 4461 ibi
619 4406 663 4461 se
695 4376 863 4483 recepit.

342 4553 549 4563 ι.-

445 4638 480 4732 *)
508 4636 784 4732 regum-supplet
812 4635 851 4708 T.
