3898 5752
234 603 380 684 nominis
408 606 565 703 quintum
593 607 766 682 continuis
796 607 988 681 terebellis
1012 607 1409 702 ciuilibusagitahatur;
1439 601 1633 702 Stephanus

232 735 362 806 tautum
393 733 429 804 11
459 729 616 826 regnarit
644 730 718 804 siue
746 731 891 804 aemulo.
934 731 1033 803 Bella
1071 735 1182 804 tauron
1225 729 1293 803 ista
1333 737 1412 804 ante
1440 731 1559 804 Belam
1586 730 1634 802 lv

231 853 322 927 inter
349 875 448 948 reges
477 857 512 928 et
539 855 677 941 fratres,
708 855 860 945 patruos,
891 874 950 924 seu
979 854 1143 946 cognatos
1161 853 1380 946 gerebantur.
1402 849 1518 924 Prima
1545 849 1636 924 iuter

230 978 365 1068 patrem
391 975 565 1050 Andream
593 979 627 1048 et
656 973 765 1047 filiurn
793 975 911 1047 Belam
940 971 1111 1047 discordia
1150 994 1239 1046 auno
1280 973 1392 1047 1222.
1438 971 1635 1065 ,Honorius

231 1096 502 1191 archiepiscopis
530 1102 563 1170 et
592 1095 765 1190 episcopis
793 1118 855 1188 per
893 1117 1035 1188 regnum
1063 1094 1261 1188 Hungariae
1302 1092 1501 1168 constitutis
1550 1091 1636 1188 Quia

232 1219 421 1312 dtndreus)
449 1217 649 1312 Huugariae
669 1240 730 1292 rex
751 1217 897 1290 illustris
925 1215 1192 1310 primogenitum
1221 1239 1318 1290 suum
1348 1215 1383 1288 iu
1411 1237 1526 1309 regem
1554 1215 1636 1289 fecit

231 1341 352 1436 inungi
381 1347 415 1416 et
443 1341 548 1414 etiam
577 1339 745 1429 coronari,
775 1339 912 1432 quidam
940 1337 1093 1432 perversi
1130 1360 1227 1411 suum
1267 1337 1504 1411 machinantur
1537 1338 1635 1410 obse-

230 1463 346 1556 quium
373 1463 575 1538 subtrahere
604 1461 671 1555 ipsi
699 1459 784 1554 regi,
814 1465 986 1553 tamquam
1020 1483 1087 1536 uon
1123 1459 1201 1549 sibi,
1232 1459 1292 1532 sed
1331 1458 1403 1532 filio
1433 1463 1633 1546 teneantur;

230 1591 264 1658 et
292 1584 341 1660 sic
369 1588 488 1658 contra
516 1587 697 1676 utrumque
725 1579 907 1656 dissidium
935 1585 970 1656 et
998 1582 1196 1656 scandalum
1215 1582 1313 1676 regni
1334 1585 1531 1676 procurant.
1552 1581 1636 1655 Fra·

231 1705 386 1780 tenuitati
414 1709 548 1778 uestrae
576 1727 639 1798 per
666 1703 855 1797 apostolica
883 1703 1013 1797 scripta
1053 1704 1252 1778 mandamus
1292 1707 1397 1797 atque
1430 1702 1637 1797 precipimus

230 1833 318 1902 etc.“
350 1828 387 1901 0.
416 1827 457 1900 D.
485 1827 553 1903 111.
586 1825 618 1900 1.
649 1829 736 1900 388.
770 1891 775 1902 .

386 1949 585 2042 Stephanus
615 1946 708 2020 filius
737 1947 842 2020 Betae
870 1948 948 2020 lui
977 1969 1070 2022 unna
1098 1946 1190 2040 capit
1218 1937 1336 2021 contra
1363 1950 1505 2041 patrem.
1541 1949 1635 2044 ,Ma-

231 2070 282 2146 ria
309 2071 351 2143 D.
378 2093 431 2164 gr.
460 2068 660 2164 Hungariae
690 2067 823 2164 regina.
855 2069 994 2159 Sciatis,
1024 2069 1113 2162 quod
1141 2091 1215 2143 oum
1244 2069 1450 2162 perfidorum
1482 2070 1635 2145 subdito·

232 2215 306 2266 rum
335 2190 505 2280 suasione,
537 2189 628 2263 inter
656 2190 915 2264 dilectissimum
942 2189 1025 2263 mihi
1054 2192 1173 2264 Belam
1206 2213 1321 2284 regem
1348 2191 1547 2286 Huugariae
1576 2193 1634 2266 do-

233 2314 428 2407 minumque
457 2335 571 2387 meum
600 2335 642 2386 ex
670 2334 737 2386 uua
764 2317 873 2405 parte,
904 2317 938 2386 et
965 2312 1179 2388 carissimum
1208 2311 1318 2386 fitium
1338 2317 1492 2386 nostrum
1521 2337 1634 2408 regem

233 2436 445 2530 Stephanum
474 2458 515 2508 ex
543 2433 622 2524 alia,
652 2455 775 2527 magna
803 2433 927 2506 fuisset
955 2439 1072 2509 coorta
1100 2435 1282 2524 discordia,
1312 2435 1362 2510 ita
1388 2439 1427 2509 ut
1454 2437 1496 2510 ad
1516 2458 1635 2509 manus

234 2557 463 2632 conserendas
491 2555 652 2650 dispositi
681 2578 722 2628 eu
749 2558 893 2649 utraque
920 2559 1018 2649 parte
1040 2557 1215 2631 exercitus
1236 2557 1304 2630 iam
1324 2561 1439 2631 esseut
1458 2581 1476 2632 e
1495 2557 1635 2653 regione

235 2677 417 2754 constituti
446 2681 533 2751 etc.“
569 2678 680 2750 1262.
711 2678 746 2750 0.
775 2677 817 2750 D.
846 2678 907 2750 IV.
938 2681 971 2752 3.
1002 2681 1062 2752 68.

389 2801 464 2874 Hoc
493 2799 597 2872 etiam
624 2797 778 2892 quamvis
807 2799 892 2886 leve,
913 2799 1128 2893 grauioribus
1159 2801 1312 2876 additum
1331 2806 1532 2896 argumento
1560 2825 1635 2876 esse

234 2926 360 3016 potest,
390 2920 594 3015 Magistrum
621 2922 660 2996 P.
691 2919 771 3014 quia
798 2943 865 2994 uon
896 2921 1062 3010 meminit,
1082 2923 1162 2997 data
1181 2924 1369 3014 occasione,
1391 2922 1638 2999 discordiarum

235 3043 326 3118 inter
352 3047 470 3136 patres
499 3047 533 3116 et
560 3039 663 3132 filios,
692 3064 777 3136 quae
806 3047 884 3116 ante
912 3044 1031 3117 Belam
1059 3045 1107 3118 IV
1139 3045 1252 3118 uurllae
1290 3046 1440 3134 fuerunt,
1471 3046 1503 3119 iu
1534 3047 1637 3119 Betae

235 3168 305 3244 IlI.
334 3164 428 3239 curia
455 3169 629 3240 versatum
656 3164 774 3238 fuisse.

392 3287 427 3360 2.
457 3287 602 3361 Multum
630 3286 733 3359 torsit
760 3284 968 3380 interpretes
996 3286 1099 3361 huius
1129 3289 1254 3381 operis,
1275 3288 1370 3361 locus
1390 3286 1513 3382 capitis
1540 3286 1638 3382 quiu-

236 3407 435 3506 quagesimi.
483 3408 573 3495 ,Sed
613 3411 648 3481 et
699 3407 1061 3482 Oariuthiuorum
1110 3408 1473 3483 Moroanensium
1518 3409 1638 3482 sines

237 3529 412 3608 crebris
441 3528 698 3604 incursibus
736 3528 1022 3622 irruperunt,
1053 3553 1194 3624 quorum
1231 3532 1376 3604 multa
1409 3530 1552 3605 millia
1578 3532 1639 3606 ho-

237 3653 365 3728 minum
393 3650 429 3725 in
458 3674 516 3726 ore
544 3651 650 3746 gladii
678 3651 885 3738 occiderunt,
907 3655 940 3726 et
955 3675 1062 3746 usque
1078 3652 1113 3726 iu
1129 3652 1332 3727 hodiernum
1352 3653 1441 3727 diem
1456 3653 1639 3728 adiuvante

237 3773 374 3849 domino
402 3777 561 3867 potenter
588 3777 622 3846 et
649 3772 788 3868 pacifice
816 3773 1005 3867 posteritas
1033 3797 1149 3850 eorum
1181 3772 1347 3850 detinet.“
1390 3774 1521 3849 Sumsit
1557 3775 1641 3850 haec

238 3902 357 3972 auctor
383 3897 522 3990 paulum
550 3895 729 3971 immutata
754 3918 775 3968 a
802 3894 981 3989 Reginoue
1004 3895 1209 3970 Prumiensi.
1241 3897 1640 3991 ,Garautauorum

238 4017 581 4107 tharatensium,
611 4039 649 4091 ao
671 4018 859 4110 Vulgarum
887 4017 1007 4092 fines
1035 4018 1212 4093 crebris
1240 4017 1562 4094 incursionum
1588 4019 1641 4092 in-

238 4139 480 4216 festationibus
509 4139 783 4233 irrumpunt,
812 4161 1001 4233 perpaucos
1029 4139 1155 4234 gladio,
1177 4140 1325 4213 multa
1353 4140 1506 4215 millia
1533 4141 1641 4235 sagit-

240 4261 287 4338 tis
316 4261 552 4336 iuterimuut.“
586 4262 648 4336 SS.
677 4263 707 4334 Ι.
738 4262 824 4335 600.

395 4383 637 4459 Moroauenses
674 4382 781 4477 igitur
817 4381 920 4455 iidem
953 4381 1011 4474 qui
1040 4383 1279 4472 duracensem
1317 4384 1436 4478 populi
1474 4407 1642 4478 nempea

240 4505 377 4579 flumine
406 4504 589 4580 teutonicis
618 4505 758 4579 Mentha
784 4502 916 4578 auctori
944 4507 1063 4579 nostro
1091 4506 1209 4579 Moroa
1252 4509 1296 4598 (o.
1327 4507 1388 4578 31.
1418 4508 1497 4598 57.)
1533 4506 1641 4580 nomi·

241 4627 324 4702 uati.
353 4627 454 4722 Quasi
484 4628 631 4702 diceret:
661 4629 866 4720 irruperunt
893 4625 929 4698 in
957 4625 1132 4720 regionem
1159 4627 1431 4702 Oarautanorum
1455 4633 1489 4702 et
1508 4629 1643 4702 Morou·

241 4746 409 4840 censium,
438 4772 498 4825 seu
527 4751 706 4824 Slauorum
733 4749 925 4822 accolarum
951 4746 1102 4821 fluminis
1129 4748 1267 4835 tioroa3
1297 4748 1543 4844 possidentque
1562 4771 1643 4843 pro·

241 4871 388 4948 vinciam
413 4871 501 4946 hauc
530 4893 637 4965 usque
665 4870 699 4943 in
727 4867 931 4942 hodiernum
958 4867 1057 4943 diem.
1087 4867 1183 4964 Quod
1210 4892 1231 4943 a
1258 4869 1392 4946 nemina
1429 4871 1464 4946 iu
1497 4870 1640 4946 dubium

241 4999 393 5068 uocatur.
