3896 5758
822 554 978 662 ppe—

200 783 466 860 'romanorum
498 771 757 885 imperatore,
791 778 919 862 duces
951 790 993 860 et
1023 768 1227 859 tetrarcha
1258 757 1606 879 theutonicorum,

206 899 427 1007 cunctique
450 899 625 982 barones
644 913 685 981 et
716 899 936 1007 optimates
969 899 1244 982 communiter
1280 912 1321 979 et
1352 899 1609 981 concorditer

205 1033 453 1128 rogauerunt
484 1023 634 1130 ipsum,
667 1038 714 1104 ut
745 1024 974 1131 susciperet
1005 1023 1237 1129 imperium.
1264 1020 1608 1116 Quiaverotern·

205 1169 302 1252 pore
334 1171 410 1228 suo
442 1172 525 1226 non
559 1145 693 1226 solum
727 1171 814 1247 sua,
848 1145 918 1228 sed
954 1171 1035 1252 que
1067 1145 1164 1227 lesu
1195 1143 1343 1225 Christi
1375 1156 1473 1226 sunt
1505 1169 1607 1250 que·

206 1267 331 1370 rebat,
365 1281 407 1348 et
437 1266 540 1349 illud
572 1266 761 1349 diuinum
796 1267 920 1374 (100)
954 1267 1168 1348 oraculum
1202 1281 1340 1346 mente
1373 1264 1518 1347 sedulo
1544 1292 1608 1346 rc·

206 1386 425 1472 uoluebat:
457 1387 550 1471 Non
582 1389 889 1494 transgrediaris
921 1389 1117 1470 terminos
1134 1400 1299 1496 patrum
1316 1400 1496 1470 tuorum.
1514 1384 1607 1470 Suis

206 1511 343 1618 itaque
376 1510 561 1593 terminis
594 1523 814 1592 contentus
848 1537 938 1592 esse
970 1510 1128 1612 maluit,
1173 1537 1298 1616 quam
1332 1535 1458 1617 supra
1490 1536 1608 1589 men·

206 1657 345 1716 suram
376 1633 474 1716 iuris
507 1659 658 1739 augere
691 1633 901 1734 affectans
945 1632 1267 1738 alienigenarum
1302 1646 1343 1712 et
1374 1632 1606 1737 ignotarum

203 1755 388 1862 gentium
421 1756 605 1861 regimen
637 1756 847 1862 suscipere
879 1755 1099 1838 recusauit.
1132 1753 1214 1834 Vix
1246 1769 1386 1835 autem
1415 1752 1456 1833 in
1489 1751 1608 1835 Hun-

204 1877 315 1984 garta
347 1878 425 1958 deo
456 1879 525 1984 pie
558 1905 606 1958 ac
637 1877 814 1958 fideliter
853 1877 1083 1978 seruiend0,
1119 1889 1160 1956 et
1190 1875 1302 1980 leges
1343 1875 1608 1957 conuenienti

204 1999 342 2105 vigore
374 1998 622 2080 sancciendo
655 2011 816 2106 poterat
847 2025 1071 2080 remanere.

359 2119 551 2228 Cumque
584 2122 834 2204 celebrasset
869 2121 996 2203 l'asoa
1037 2120 1193 2202 domini
1225 2119 1267 2200 in
1300 2119 1473 2224 Bodrog,
1507 2145 1606 2199 ecce

205 2239 347 2325 nuncii
387 2244 438 2323 dc
471 2243 654 2345 Francia,
688 2258 729 2324 et
769 2244 820 2324 de
861 2242 1037 2350 Ispania,
1071 2244 1123 2323 de
1163 2241 1313 2347 Anglia
1356 2256 1397 2323 et
1427 2241 1610 2323 Britania

206 2363 257 2445 ad
290 2389 387 2446 eum
420 2378 639 2467 uenerunt,
673 2381 714 2446 et
747 2366 943 2472 precipue
986 2365 1037 2446 dc
1069 2363 1297 2473 Wyllcrmo
1337 2365 1460 2445 fratrc
1502 2363 1608 2468 regis

206 2484 470 2591 Francorum,
504 2487 614 2568 etei
647 2489 941 2596 omnipotentis
975 2488 1040 2568 dci
1072 2487 1263 2568 iniuriam
1281 2513 1326 2570 se
1346 2483 1487 2568 ulcisci
1520 2511 1609 2566 ma-

207 2607 518 2710 nifestauerunt,
553 2624 594 2690 et
633 2623 819 2692 sanctam
860 2609 1084 2710 ciuitatem,
1118 2623 1158 2690 et
1195 2609 1502 2692 sanctissimum
1544 2634 1609 2689 se·

207 2727 425 2838 pulchrum
469 2731 521 2811 de
563 2757 691 2815 manu
729 2759 1040 2815 sarracenorum
1089 2732 1262 2814 liberare
1312 2744 1609 2838 pensauerunt.

208 2849 325 2933 Vnde
358 2853 582 2957 gloriosum
614 2881 753 2960 regem
786 2868 1047 2962 rogauerunt,
1065 2867 1113 2936 ut
1129 2855 1187 2935 eis
1220 2868 1353 2934 rector
1386 2867 1427 2934 et
1458 2853 1609 2958 guber·

208 2987 324 3056 nator
364 2974 405 3056 in
448 2977 635 3058 exercitu
666 2975 770 3059 ‹lesn
802 2975 950 3060 Christi
984 2977 1191 3058 existeret.
1234 2975 1324 3055 Rex
1357 2989 1496 3056 autem
1531 2972 1609 3054 hoc

208 3093 390 3200 audiens,
423 3097 590 3201 gauisus
621 3110 685 3181 est
715 3099 864 3204 gaudio
900 3125 1059 3205 magna,
1079 3113 1120 3179 et
1138 3098 1176 3178 in
1206 3097 1351 3178 eadem
1383 3095 1608 3178 festiuitate

209 3217 471 3301 anobilibus
503 3219 713 3326 Hungaric
756 3221 997 3304 licenciatns
1042 3234 1124 3303 cst:
1167 3219 1490 3324 tristabaturque
1523 3231 1609 3298 tota

208 3337 417 3446 Hungaria
457 3356 626 3449 propter
668 3369 777 3424 eum.
821 3342 901 3424 Sed
944 3344 1032 3451 ipsc
1074 3341 1185 3449 quod
1226 3342 1449 3448 inceperat,
1492 3338 1608 3420 nullo

208 3462 328 3543 modo
361 3461 607 3546 dimittebat.
643 3463 834 3572 Misitque
867 3465 1068 3546 nuncium
1106 3462 1159 3545 ad
1191 3461 1417 3545 Corardum
1457 3461 1609 3543 ducem

209 3581 485 3665 Bohcmorum
518 3587 648 3668 filiurn
683 3587 867 3688 Othonis,
902 3604 943 3667 et
974 3587 1092 3694 petiit
1123 3587 1176 3668 ab
1209 3586 1278 3667 illo
1318 3612 1367 3666 ac
1409 3584 1607 3692 precepit,

208 3720 252 3787 ut
282 3733 426 3789 secum
461 3707 568 3790 ultra
602 3735 712 3789 marc
746 3709 803 3789 ire
835 3735 909 3816 pro
942 3709 1089 3790 iniuria
1112 3707 1215 3790 dcsu
1233 3707 1380 3789 Christi
1414 3732 1607 3814 prepara-

209 3837 278 3908 ret.
310 3827 385 3910 Illc
418 3843 559 3910 autern
592 3831 736 3911 libenti
769 3831 907 3912 animo
940 3859 983 3912 sc
1017 3830 1215 3940 promisit.
1253 3829 1423 3911 interim
1457 3855 1608 3933 cogna-

207 3963 272 4034 tus
305 3947 492 4032 Carrardi
526 3953 642 4034 ducis
676 3953 842 4033 nominc
875 3951 1140 4060 Sentapolug,
1159 3952 1291 4034 noctis
1324 3951 1493 4033 silencio
1512 3950 1608 4031 Pra-

206 4097 299 4177 gam
332 4071 518 4177 ueniens,
538 4075 669 4180 ipsam
689 4075 899 4156 ciuitatem
933 4077 1054 4184 oepit.
1072 4075 1194 4155 blane
1211 4077 1319 4154 lacto
1338 4075 1390 4155 ab
1409 4073 1606 4180 episcopo

207 4195 396 4300 pragensi
429 4195 469 4276 in
502 4196 604 4277 solio
636 4197 773 4279 ‹lucali
805 4197 921 4299 sedit,
956 4210 997 4278 ct
1033 4224 1058 4278 a
1090 4197 1340 4303 quibusdam
1384 4193 1606 4275 honorifice

207 4331 425 4424 susceptus
459 4335 532 4399 est.
566 4317 789 4401 Corrardus
824 4332 962 4401 autem
997 4320 1049 4400 ad
1067 4319 1288 4423 gloriosum
1308 4343 1447 4422 regern
1474 4343 1608 4397 auun-

207 4437 346 4520 culum
379 4465 503 4522 suurn
535 4441 662 4544 uenit,
697 4456 738 4522 ct
770 4469 851 4548 que
870 4443 907 4522 ei
933 4441 1168 4522 acciderant
1199 4439 1391 4542 narrauit,
1411 4454 1606 4542 etregem

206 4557 247 4640 in
279 4559 483 4643 auxilium
516 4562 594 4645 sibi
626 4563 767 4646 uenire
802 4563 841 4643 in
876 4564 1038 4670 propria
1081 4589 1257 4670 persona
1299 4561 1469 4666 rogauit.
1518 4560 1606 4640 Rex

207 4696 344 4764 autem
386 4683 618 4765 concedens
661 4685 699 4766 ei
735 4685 802 4788 ita,
847 4686 958 4792 quod
1001 4687 1052 4766 de
1093 4683 1267 4767 seruicio
1307 4683 1372 4764 dci
1405 4683 1492 4763 dux
1525 4708 1606 4762 non

208 4820 447 4886 remaneret.
478 4805 530 4887 Et
560 4807 658 4914 quia
689 4808 1054 4913 consanguinitatis
1087 4807 1256 4888 uinculo
1273 4805 1608 4910 illiinngebatnr,

209 4926 327 5010 etiam
358 4953 519 5011 memor
549 4955 623 5012 sua
656 4929 834 5012 accionis
846 4927 875 5038 ¹)
910 4929 1025 5013 ducis
1060 4929 1183 5035 patris
1217 4928 1317 5029 eius,
1353 4926 1424 5032 qni
1456 4925 1533 5008 sibi
1564 4925 1607 5005 in

211 5095 411 5108 κ-..η--ῌ

312 5149 336 5252 ¹)
365 5152 538 5228 Otthonis.
567 5153 606 5229 u.
