3898 5752
1001 483 1156 586 jop-

374 701 479 792 mota,
508 699 595 775 hanc
623 700 731 775 solam
759 721 821 793 per
848 696 916 772 tria
944 701 978 770 et
1008 697 1156 792 amplius
1182 699 1295 774 lustra
1321 701 1356 774 et
1383 695 1453 794 ipsi
1481 700 1778 795 amplecterentur,

376 825 412 897 et
439 821 518 896 aliis
546 821 754 915 sequendam
780 823 1024 915 proponerent.

532 962 719 1060 Postquam
746 959 877 1054 primus
905 961 1007 1050 calor,
1038 958 1073 1032 in
1102 961 1354 1056 propugnanda
1383 960 1566 1055 scriptoris
1583 961 1686 1036 huius
1701 983 1781 1057 prae

377 1083 503 1160 ceteris
530 1082 707 1158 historicis
735 1081 932 1157 domesticis
959 1085 1144 1172 vetustate,
1161 1082 1392 1158 defervescere
1407 1083 1590 1177 coepisset,
1608 1084 1781 1160 commode

375 1205 509 1296 accidit,
538 1210 576 1279 ut
603 1203 821 1279 Urrirersitas
850 1202 1071 1278 scientiarum
1085 1203 1278 1279 Pestieusis
1293 1203 1445 1299 praemio
1460 1206 1638 1300 proposito
1660 1229 1780 1282 norem

376 1327 652 1422 disquisitionem
679 1327 838 1416 ediceret,
867 1348 934 1419 qua
962 1327 1075 1398 status
1104 1327 1316 1418 quaestionis
1345 1327 1385 1400 de
1413 1332 1526 1401 aetate
1545 1327 1634 1423 regii
1650 1329 1777 1404 notarii

377 1450 485 1528 novis
503 1448 714 1546 argumentis
743 1447 900 1523 stabilita
930 1452 1172 1540 exponeretur.

531 1590 603 1664 Nec
631 1611 737 1679 mora,
753 1586 891 1663 exstitit
919 1586 1067 1680 quidam,
1098 1588 1156 1680 qui
1185 1611 1256 1662 rem
1285 1591 1326 1663 ab
1355 1589 1455 1663 initio
1494 1612 1649 1681 exorsus,
1678 1589 1783 1665 variis

375 1711 547 1788 variorum
575 1710 796 1806 opinionibus
822 1708 974 1784 breuiter
1001 1709 1210 1802 perstrictis,
1239 1711 1401 1786 doctores
1429 1711 1521 1803 illos,
1551 1710 1610 1806 qui
1645 1713 1782 1809 Anony-

377 1857 467 1908 mum
496 1833 532 1906 in
560 1834 665 1907 Belae
704 1833 751 1906 I·i
790 1837 946 1926 tempora
983 1836 1155 1924 reponunt
1190 1854 1254 1926 pro
1291 1831 1425 1906 meritis
1466 1832 1539 1907 suis
1564 1833 1656 1907 haud
1683 1856 1783 1928 parce

376 1957 598 2046 collaudaret,
627 1955 827 2048 diversaque
855 1953 1078 2028 sentientium
1105 1957 1307 2048 argumenta
1334 1955 1463 2029 nullius
1491 1977 1566 2029 esse
1581 1955 1697 2049 pretii,
1714 1978 1782 2031 non

375 2083 446 2154 tam
473 2077 645 2152 rationum
672 2076 834 2171 pondere,
864 2098 965 2169 quam
993 2077 1174 2150 verborum
1202 2075 1348 2151 circuitu
1364 2078 1571 2171 persuadere
1590 2083 1780 2153 conaretur.

374 2202 446 2276 Nec
468 2199 625 2288 ¹frustra3
655 2197 809 2272 mercede
850 2195 940 2271 enim
976 2195 1121 2292 gratiosi
1160 2197 1295 2273 laboris
1331 2205 1470 2293 accepto
1496 2198 1613 2274 laudes
1641 2199 1782 2294 iusuper

375 2321 532 2418 publicas
560 2320 752 2416 promeruit
779 2320 870 2394 libro
900 2343 961 2395 suo
989 2318 1151 2394 idiomate
1178 2320 1368 2415 hungarico
1396 2323 1535 2416 vulgato
1564 2320 1619 2394 oui
1638 2321 1780 2396 titulus:

360 2443 548 2541 anonymi
590 2444 696 2518 Belae
723 2443 816 2538 regis
845 2441 969 2516 notarii
999 2446 1104 2532 aetaS,
1143 2465 1186 2516 ex
1214 2441 1498 2536 inquisitionibus
1524 2441 1703 2520 historicis
1729 2465 1781 2518 re

380 2566 580 2642 cantiorum.
610 2563 743 2640 Pestini
773 2566 886 2639 1865.

532 2705 611 2780 Non
640 2703 721 2779 tulit
746 2705 834 2778 hanc
863 2703 1127 2778 semidoctorum
1153 2703 1190 2777 in
1218 2705 1392 2780 soluendis
1420 2705 1646 2799 problematis
1661 2707 1782 2780 obscu-

378 2826 527 2903 rissimis
570 2826 772 2901 facilitatem
812 2827 949 2924 quidam
977 2849 995 2900 e
1022 2849 1128 2922 grege
1168 2827 1488 2922 grammaticorum;
1525 2830 1560 2901 et
1588 2827 1719 2902 habitis
1745 2827 1781 2900 in

378 2949 523 3045 collegio
552 2949 819 3025 academicorum
846 2948 1111 3044 hungaricorum
1126 2947 1275 3043 quinque
1290 2972 1352 3043 per
1367 2972 1476 3024 annos
1492 2947 1781 3043 (laea-larr)

378 3073 522 3149 totidem
549 3071 774 3158 orationibus,
804 3095 938 3147 omnem
965 3072 1006 3145 de
1034 3075 1146 3145 aetate
1173 3071 1278 3145 Belae
1306 3069 1410 3165 primi
1437 3069 1635 3165 opinionem
1650 3093 1780 3163 uanam,

379 3199 415 3270 et
441 3195 658 3291 Anonymum
684 3198 755 3268 tam
783 3216 825 3268 en
853 3193 947 3284 stilo,
978 3214 1078 3286 quom
1106 3215 1124 3267 e
1152 3195 1254 3268 rebus
1282 3195 1324 3269 ab
1352 3193 1429 3288 ipso
1458 3193 1608 3268 narratis
1628 3192 1664 3268 in
1679 3194 1781 3269 Belae

381 3317 469 3392 Ill-i
497 3318 575 3392 aula
601 3314 715 3391 officio
744 3315 870 3391 notarii
898 3316 1054 3390 functum
1080 3314 1189 3390 fuisse
1209 3314 1471 3392 demonstravit.

533 3473 723 3548 Senserunt
751 3471 820 3548 vim
846 3473 968 3548 horum
995 3475 1274 3569 argumentorum
1302 3470 1422 3566 magni
1450 3470 1667 3546 nominisilli
1693 3467 1783 3546 inte'r

377 3597 560 3692 populares
587 3618 667 3670 suos
695 3593 832 3686 eruditi,
862 3597 896 3668 et
924 3593 1093 3688 potiorem
1120 3617 1196 3669 esse
1224 3596 1265 3669 de
1293 3596 1410 3668 aetate
1442 3594 1547 3669 Belae
1574 3593 1664 3670 III-i
1706 3617 1781 3669 sen·

380 3718 524 3793 tentiam
552 3740 694 3793 assensu
723 3739 784 3792 suo
813 3719 1090 3811 comprobarunt.

535 3857 606 3931 Res
634 3855 702 3930 iam
729 3856 882 3930 confecta
910 3854 1100 3948 uidebatur,
1130 3879 1206 3932 cum
1234 3854 1414 3950 septennio
1434 3855 1591 3930 nondum
1619 3857 1781 3951 completo

381 4003 489 4054 novus
517 4002 579 4073 pro
608 3978 741 4054 notario
770 3979 873 4052 Belae
902 3978 981 4054 IV·i
997 3977 1034 4051 in
1051 3999 1190 4054 arenam
1217 3977 1395 4054 descendit
1422 3980 1606 4072 pugnator,
1637 3977 1781 4073 quinon

382 4103 516 4176 tantum
543 4123 664 4174 unomen
694 4099 874 4195 scriptoris
902 4102 988 4175 bene
1016 4100 1123 4192 norit,
1153 4100 1359 4196 Magistrum
1387 4101 1479 4174 Pous
1495 4121 1574 4174 eum
1593 4101 1779 4195 appellans,

382 4223 441 4298 sed
470 4222 572 4298 etiam
599 4223 785 4298 triennium
812 4222 910 4312 illud,
939 4245 1004 4317 qno
1032 4227 1150 4298 auctor
1179 4246 1264 4318 opus
1292 4245 1392 4296 suum
1427 4221 1676 4316 conscripserit
1703 4221 1778 4297 defi·

383 4345 457 4420 nire
485 4369 553 4421 non
581 4345 736 4421 dubitat:
766 4348 930 4440 regnante
972 4367 1093 4439 nempe
1121 4346 1157 4420 in
1185 4345 1365 4440 Hungaria
1393 4365 1473 4438 rege
1500 4344 1664 4422 Ledisleo
1691 4346 1778 4422 Ill-o

385 4466 476 4543 dicto
505 4469 653 4543 Cumano
680 4467 773 4542 intra
800 4489 908 4542 annos
939 4465 1208 4544 lare-1282.

542 4625 635 4699 Haec
663 4627 703 4699 de
731 4630 824 4700 statu
851 4625 1024 4719 praesenti
1066 4623 1289 4719 quaestionis.
1338 4624 1605 4721 Progrediamur
1632 4647 1720 4700 nunc
1744 4623 1781 4698 cd

385 4749 595 4841 argumenta,
625 4769 710 4841 quae
738 4770 779 4821 ex
807 4769 911 4840 opere
941 4748 1015 4844 „De
1042 4747 1153 4842 gestis
1181 4750 1428 4844 Hungarorum
1466 4746 1626 4843 Magistri
1653 4749 1714 4823 P.“
1742 4745 1781 4820 ed

386 4866 616 4942 definiendum
643 4867 902 4963 compositionis
931 4873 1065 4963 tempus
1093 4869 1215 4944 ducere
1243 4868 1431 4964 potuimus.
1461 4867 1674 4966 Omissisque
1708 4889 1779 4944 auo

387 4988 596 5083 toritatibus,
624 4989 701 5090 ipsa
727 5013 764 5066 re
792 4995 827 5068 et
854 4990 987 5070 ratione
1015 4989 1214 5070 conabimur
1243 4991 1424 5091 exquirere
1452 4990 1646 5070 ueritatem.
