3896 5758
809 481 964 602 grt-

182 713 406 826 adimplere
437 739 521 797 non
562 715 784 814 simulauit,
831 728 982 824 putans
1025 714 1136 797 enirn
1179 717 1230 798 de
1272 705 1585 824 uituperacione

181 840 285 946 regis
318 868 490 946 regnum
527 840 691 920 habere.
740 837 830 918 Rex
863 851 1003 919 autem
1038 838 1309 919 descenderat
1341 864 1469 947 prope
1511 838 1586 920 flu·

181 964 295 1044 nium
328 961 419 1066 Sec,
453 976 620 1042 etcum
655 961 818 1043 sederet
850 961 888 1040 in
923 960 1131 1067 papilione
1164 987 1240 1042 sua
1257 989 1354 1042 cum
1370 961 1455 1044 suis
1475 962 1587 1068 prin·

182 1084 343 1192 cipibus
377 1096 418 1164 et
450 1079 659 1185 militibus,
699 1109 795 1162 ecce
828 1080 1030 1189 Sampson
1064 1081 1232 1164 intrauit
1264 1096 1305 1163 et
1336 1083 1419 1188 regi
1463 1083 1586 1165 dixit:

182 1205 290 1302 Quid
331 1206 433 1288 sacis
474 1203 673 1287 uilissime
714 1205 827 1286 canis
870 1231 964 1284 cum
1007 1207 1159 1309 regno?
1192 1204 1340 1287 Vtilius
1375 1219 1436 1287 est
1462 1207 1587 1313 (116)

181 1328 348 1409 domino
382 1341 453 1408 tuo
486 1323 632 1408 Borich
666 1351 839 1430 reguum
872 1325 1036 1428 habere,
1073 1339 1114 1406 et
1145 1340 1191 1406 tn
1222 1326 1343 1408 uiuas
1375 1326 1414 1407 in
1446 1353 1588 1408 mona·

181 1451 303 1532 sterio
335 1463 420 1552 tu0,
453 1450 561 1531 sicut
596 1448 704 1530 uixit
743 1461 862 1555 pater
898 1460 1007 1529 tuus.
1050 1445 1155 1529 Cum
1196 1474 1296 1529 uero
1309 1444 1338 1555 ¹)
1383 1449 1589 1557 principes

181 1572 296 1678 regni
337 1571 473 1654 subito
516 1569 712 1651 commoti
758 1569 944 1671 fuissent,
991 1569 1204 1651 lohannes
1248 1570 1355 1652 tilius
1397 1569 1589 1654 Ottlronis

179 1695 364 1776 notarius
410 1693 528 1798 regiS,
576 1690 842 1800 Symigiensis
889 1692 1123 1799 prepositus
1169 1692 1275 1772 dixit
1306 1693 1356 1773 ad
1392 1693 1586 1775 comitem

180 1815 295 1897 Bud:
328 1814 435 1910 Quid
469 1827 754 1921 expectamus,
789 1839 916 1920 quare
950 1839 1030 1894 non
1064 1813 1415 1920 apprehendimus
1455 1817 1590 1896 curra?

181 1937 374 2046 Cumque
422 1936 733 2045 apprehendere
781 1934 1022 2038 uoluissent,
1072 1935 1139 2016 ille
1188 1935 1383 2018 citissime
1430 1964 1587 2044 equum

182 2060 413 2142 ascendens
459 2058 655 2163 fugiebat.
705 2055 768 2138 Illi
815 2069 955 2139 autem
999 2057 1049 2138 ad
1093 2083 1262 2165 presens
1306 2084 1462 2166 equum
1503 2084 1587 2140 non

182 2181 405 2283 habebant,
439 2181 510 2288 qui
543 2179 595 2261 de
628 2179 780 2261 circulo
814 2177 918 2284 regis
952 2179 1003 2260 ad
1037 2179 1254 2261 consilium
1292 2180 1420 2287 pedes
1460 2208 1588 2263 uene·

182 2317 294 2406 rant3
327 2303 400 2387 sed
432 2316 573 2384 tamen
607 2301 762 2382 clamor
793 2327 969 2406 magnus
1000 2301 1089 2382 fuit.
1139 2300 1244 2383 Cum
1278 2313 1425 2384 ‘autem
1459 2302 1588 2386 serui·

183 2453 258 2508 ens
307 2425 467 2508 comitis
516 2419 606 2506 Bud
646 2424 868 2504 clamorem
911 2423 1104 2524 audisset,
1154 2451 1309 2530 equum
1353 2424 1441 2506 sine
1488 2425 1591 2508 sella

185 2548 383 2650 ascendit,
417 2559 458 2628 et
491 2546 626 2654 ipsum
662 2573 756 2628 cum
792 2544 936 2626 lancea
967 2571 1101 2652 usque
1134 2544 1212 2626 Sco
1245 2559 1488 2653 persecutus
1515 2561 1589 2630 est.

181 2669 348 2779 Tyodor
379 2680 518 2750 autem
554 2667 693 2749 etalii
726 2667 826 2750 socii
859 2667 947 2749 eius
987 2668 1187 2749 uolebant
1226 2694 1379 2749 nauem
1427 2668 1588 2773 intrare,

180 2791 300 2876 illurn
335 2791 530 2874 citissime
562 2789 790 2892 traducere,
824 2789 897 2872 sed
929 2815 1063 2896 usque
1105 2789 1188 2871 huc
1226 2815 1310 2870 non
1352 2803 1589 2898 potuerunt.

179 2913 385 3022 Sampson
418 2939 519 2996 uero
552 2912 742 3019 equitans
776 2911 924 2994 cecidit
956 2911 998 2993 in
1029 2911 1216 3014 fluuium,
1250 2939 1589 3020 quempersecu·

178 3050 244 3117 tor
275 3035 317 3117 in
348 3035 476 3118 fluuio
508 3035 725 3116 lanccauit.
777 3032 1053 3140 Habebatque
1101 3031 1302 3141 Sampson
1337 3035 1416 3117 sub
1451 3036 1591 3118 tunica

179 3158 431 3265 panceriam,
465 3156 535 3264 qui
568 3179 642 3264 pre
674 3155 914 3262 grauamine
952 3155 1076 3237 lorice
1108 3169 1250 3237 natare
1282 3181 1367 3238 non
1398 3152 1588 3266 potuitl)

178 3280 325 3362 Borich
362 3292 500 3362 autern
535 3303 630 3362 cum
674 3304 827 3384 magna
866 3278 1132 3361 multitudine
1164 3291 1408 3360 rutenorum
1441 3292 1483 3360 et
1513 3305 1589 3388 po·

177 3402 369 3484 lonorum
403 3413 536 3484 castra
567 3413 746 3484 metatus
780 3413 842 3483 est
873 3427 1003 3510 prope
1037 3399 1089 3482 ad
1122 3427 1272 3507 regem.
1304 3399 1589 3483 Proceresau·

177 3539 262 3605 tem
297 3524 409 3630 regni
444 3523 652 3629 Hungarie
681 3523 881 3604 miserunt
913 3523 963 3604 ad
998 3522 1149 3605 ducem
1180 3535 1422 3605 rutenorum
1448 3536 1490 3605 et
1515 3550 1588 3630 po-

176 3647 382 3746 lonorum,
415 3647 484 3752 qui
519 3671 591 3752 pro
631 3645 803 3726 Boricbo
847 3660 1048 3727 uenerant
1089 3645 1295 3728 dicentes:
1344 3645 1435 3726 Non
1468 3645 1589 3727 decet

177 3794 254 3850 uos
288 3781 430 3848 contra
470 3766 672 3848 iusticiam
715 3794 886 3872 querere
929 3794 1101 3870 regnum
1147 3767 1302 3847 homini
1343 3767 1588 3848 adulterino.

176 3889 261 3972 Nos
295 3890 405 3971 enim
439 3889 593 3971 scimus
628 3888 738 3995 quod
757 3889 808 3970 de
827 3890 913 3972 iure
941 3917 1116 3994 regnum
1134 3889 1287 3970 habere
1305 3889 1457 3971 debeat
1474 3889 1585 3992 Bela,

177 4012 340 4120 etipse
374 4025 517 4116 regnat
549 4039 645 4092 cum
678 4036 883 4093 consensu
916 4011 1041 4093 totius
1074 4009 1199 4116 regni.
1235 4009 1321 4118 Hys
1340 4011 1584 4094 auditisdu·

176 4160 247 4216 ces
279 4132 428 4216 Ruscie
461 4147 503 4213 et
533 4133 700 4213 Polonic
733 4131 979 4216 destiterunt
1019 4133 1198 4240 amplius
1241 4134 1439 4215 adiuuare
1472 4134 1585 4215 Bori-

177 4255 314 4357 chom,
349 4268 390 4337 et
430 4254 583 4337 reuersi
625 4267 723 4337 sunt
763 4254 913 4361 singuli
944 4256 985 4336 in
1021 4281 1117 4336 snas
1148 4255 1396 4362 prouincias
1437 4255 1584 4338 Borich

175 4393 317 4460 autem
352 4405 450 4460 oum
482 4376 745 4457 multitudine
778 4377 1027 4484 populorum
1070 4377 1186 4458 uenit
1228 4403 1412 4484 pugnare
1446 4391 1588 4459 contra

175 4526 330 4606 regem.
380 4497 468 4580 Rex
502 4510 641 4579 autem
683 4498 823 4579 diuino
862 4500 991 4581 fretus
1034 4498 1189 4581 auxilio
1231 4498 1424 4581 contriuit
1464 4525 1587 4580 omne

175 4622 305 4703 robur
336 4620 499 4702 Borichi
531 4621 571 4700 in
605 4621 746 4728 prelio,
781 4634 822 4701 et
851 4621 1013 4726 fugauit
1045 4621 1161 4702 illum
1179 4621 1220 4700 in
1237 4620 1385 4726 gladio,
1413 4621 1583 4703 conclu·

176 4743 230 4824 sit
262 4743 492 4826 exercitum
525 4741 773 4824 Polonorum
805 4743 846 4824 in
880 4757 1023 4844 morte,
1042 4742 1083 4823 in
1100 4742 1191 4850 ipsa
1216 4741 1439 4825 testiuitate
1460 4741 1587 4825 Mario

289 4999 313 5102 ¹)
342 5007 454 5076 autern
483 5003 521 5076 T.
553 4996 580 5101 ²)
610 5003 668 5077 sed
698 5000 733 5075 in
763 5001 899 5076 flumine
929 5003 1128 5076 submersus
1157 4999 1301 5075 interiit.
1330 5001 1406 5074 add.
1437 5001 1476 5075 Τ.
