3898 5752
821 452 976 562 Q-

189 673 244 759 Et
275 678 446 782 dignum
481 676 637 784 quippe
670 691 757 759 erat
788 691 835 759 ut
866 677 1109 777 felicianus,
1154 677 1225 784 qui
1257 673 1411 760 multos
1444 669 1604 760 christi·

189 800 303 882 colas
345 799 542 881 membris
585 799 669 881 suis
711 800 891 881 feraliter
937 799 1167 881 mutilando
1215 798 1464 906 prinanerat,
1514 797 1604 906 ipse

190 921 391 1003 membris
424 921 618 1003 omnibus
650 921 757 1004 iusto
791 922 856 1003 dei
889 921 1040 1003 iudicio
1073 921 1326 1028 priuaretnr3
1360 931 1401 1001 et
1425 919 1604 1028 quifue·

190 1057 254 1124 rat
284 1057 413 1124 tortor
453 1070 686 1149 pauperum
727 1043 958 1127 indefessus
1001 1043 1128 1150 (143)
1161 1070 1185 1124 a
1219 1042 1430 1124 communi
1471 1055 1603 1123 morte

189 1165 408 1247 hominum
443 1165 641 1248 exclusus
674 1165 822 1246 canina
854 1179 895 1247 et
927 1165 1146 1248 subitanea
1188 1179 1319 1246 morte
1361 1176 1601 1268 moreretur,

191 1301 239 1369 ut
270 1287 390 1394 quasi
422 1288 535 1369 canis
568 1314 663 1368 cum
698 1287 870 1371 canibus
904 1288 1135 1395 perciperet
1175 1285 1469 1394 porcionem.*)
1502 1285 1605 1368 Filia

191 1435 361 1516 qnoque
405 1409 493 1490 eins
537 1407 656 1490 Clara
698 1410 902 1494 vocabulo
950 1409 1064 1515 virgo
1105 1408 1385 1516 pulchenima
1423 1407 1475 1488 de
1508 1408 1604 1490 aula

190 1532 304 1636 regia
336 1529 576 1632 extrahitur,
611 1543 652 1612 et
683 1532 851 1616 naribus
893 1560 989 1612 cum
1029 1531 1148 1614 labiis
1191 1531 1365 1638 turpiter
1404 1528 1603 1613 mutilatis

190 1655 325 1736 solnm
361 1653 554 1734 dentibus
572 1655 799 1759 patefactis,
820 1667 861 1736 et
877 1667 969 1734 octo
988 1653 1122 1758 digitis
1149 1654 1366 1735 ambarum
1398 1677 1603 1733 manuum

190 1775 416 1882 amputatis
450 1771 668 1881 pollicibus
701 1776 845 1858 saltem
881 1775 1192 1858 remanentibus
1224 1800 1300 1882 per
1330 1773 1513 1881 plurium
1547 1774 1603 1854 ci·

189 1898 367 1979 nitatum
409 1896 521 1978 uicos
556 1909 597 1976 et
637 1896 796 2003 plateas
838 1898 1039 2004 perducta
1080 1897 1122 1978 in
1165 1922 1273 2004 equo
1316 1895 1522 1978 seminiua
1563 1908 1604 1978 et

193 2021 344 2100 misera
376 2019 630 2125 proclamare
665 2021 926 2127 compellitur
956 2019 999 2100 in
1032 2018 1110 2100 hec
1141 2019 1290 2100 verba:
1324 2015 1405 2113 Qut
1435 2017 1520 2123 regi
1541 2017 1602 2098 in·

193 2141 326 2222 fidelis
360 2153 422 2222 est
455 2168 530 2247 per
562 2141 702 2221 omnia
733 2142 904 2250 recipiat
935 2141 1144 2224 talionem.
1176 2141 1319 2221 Altera
1334 2139 1505 2247 insuper
1520 2139 1604 2221 filia

193 2262 390 2344 Feliciani
422 2262 554 2342 maior
585 2261 692 2343 Sebe
725 2264 892 2344 nomine
926 2263 1092 2346 cuidam
1124 2262 1253 2345 nobili
1270 2262 1438 2342 nomine
1455 2261 1603 2370 Kopay

194 2384 548 2466 matrimonialiter
588 2399 731 2491 nupta,
774 2399 869 2466 ante
911 2396 1092 2468 castrum
1124 2385 1246 2466 Lewa
1277 2384 1392 2466 iussu
1424 2383 1601 2465 Emerici

194 2507 290 2588 dicti
324 2508 375 2586 de
407 2505 560 2587 Bechei
593 2507 805 2588 castellani
837 2507 966 2615 ipsius
1000 2507 1121 2590 castri
1153 2507 1288 2613 capite
1316 2519 1539 2605 truncatur,
1562 2520 1603 2588 et

194 2629 281 2736 ipse
315 2629 462 2736 Kopay
507 2627 545 2708 in
571 2629 821 2735 captiuitatis
853 2630 1023 2713 uinculo
1055 2629 1196 2712 mortis
1236 2627 1424 2710 debitum
1465 2627 1602 2710 soluit.

195 2750 283 2832 Filii
317 2750 502 2832 eiusdem
536 2748 706 2858 insuper
737 2752 778 2831 in
812 2752 988 2834 insulam
1022 2751 1224 2832 marinam
1265 2776 1339 2856 per
1381 2749 1602 2834 cruciferos

195 2883 534 2980 transportantur,
577 2899 791 2979 nunquam
836 2887 987 2954 terram
1029 2873 1216 2955 natiuam
1248 2871 1434 2954 renisuri.
1483 2870 1602 2953 Multi

195 2993 386 3102 Denique
420 2993 471 3074 de
504 2993 633 3100 ipsius
666 3021 815 3099 genere
849 2995 1044 3076 Feliciani
1075 2993 1237 3077 nobiles
1271 2993 1539 3075 trucidantur.

350 3114 416 3197 Sic
458 3115 578 3221 igitur
617 3115 850 3198 Felicianns
892 3117 1037 3198 infelix
1068 3117 1154 3200 lese
1187 3115 1411 3198 maiestatis
1445 3113 1602 3196 crimen

195 3237 372 3336 incurrit,
409 3238 592 3318 turbauit
623 3263 809 3343 regnum,
844 3239 1021 3320 extinxit
1053 3265 1196 3321 semen
1229 3237 1454 3345 proprium,
1481 3262 1600 3318 snam

193 3374 359 3465 gentem
394 3359 664 3461 infammauit,
699 3377 740 3440 et
756 3361 934 3467 perdidit
958 3388 1053 3443 esca
1069 3387 1221 3442 canum
1239 3360 1423 3459 effectus,
1441 3357 1601 3440 solutus

194 3481 390 3564 aseculo
439 3481 587 3585 ligatus
621 3494 683 3562 est
714 3482 757 3563 in
799 3483 974 3585 baratm,
1018 3511 1067 3564 ac
1109 3482 1298 3589 sepultus
1339 3480 1381 3562 in
1413 3480 1600 3561 inferno:

194 3605 350 3685 mundo
383 3603 519 3684 extitit
549 3603 701 3706 fabula,
722 3617 763 3684 et
779 3604 1014 3687 infidelibus
1047 3603 1278 3711 disciplina.
1311 3601 1413 3683 Tam
1432 3627 1600 3684 enorme

193 3729 347 3806 l'actnm
393 3751 475 3806 uno
518 3724 583 3804 die
624 3725 697 3805 vix
738 3727 917 3807 ereditur
958 3727 1170 3808 accidisse.
1217 3724 1312 3806 Huc
1348 3751 1483 3831 usque
1516 3750 1600 3832 quo

194 3846 301 3930 istud
345 3847 493 3927 accidit
535 3873 610 3926 rex
657 3847 833 3930 Karalus
876 3849 1013 3930 uentis
1053 3847 1261 3955 prosperis
1301 3844 1526 3952 nauigauit,
1560 3858 1602 3926 et

195 3969 420 4077 crispancia
452 3967 575 4050 uraris
609 3995 763 4076 equora
794 3997 869 4053 sue
900 3971 1064 4051 fortune
1098 3969 1236 4049 carina
1266 3967 1320 4048 ad
1351 3981 1498 4050 uotum
1514 3967 1600 4050 sul·

194 4091 314 4173 cauit.
347 4089 426 4171 Sed
462 4091 543 4171 ianr
575 4092 740 4172 fortuna
773 4091 973 4174 uertibilis
1005 4085 1193 4198 auersa¹)
1225 4089 1331 4170 facie
1348 4089 1599 4174 ualefaciens

193 4227 304 4319 terga
335 4211 471 4314 uertit,
513 4213 610 4318 quia
641 4213 827 4320 undique
860 4213 979 4295 bellis
1021 4211 1328 4317 insurgentibus
1362 4237 1438 4294 sua
1469 4238 1598 4318 expe·

194 4336 297 4417 dicio
330 4334 596 4436 uincebatnr;
628 4336 784 4442 pedum
818 4335 941 4416 etiam
975 4361 1241 4418 ecmannum
1264 4332 1597 4414 doloreniminm

193 4458 474 4565 torquebatur.

194 4663 397 4672 ——-·———-

296 4759 306 4796 ¹
351 4753 507 4825 aduersa.
538 4752 576 4825 T.

292 4755 326 4948 *i
355 4857 453 4930 Vnde
480 4879 621 4929 versus:
651 4854 714 4929 Vir
741 4853 844 4928 nimis
874 4854 1014 4928 insanus
1035 4853 1092 4946 qui
1107 4875 1222 4948 regem
1235 4853 1432 4928 Feliciones
1447 4852 1595 4927 Perdere

193 4960 372 5056 temptauit
401 4983 499 5056 quem
527 4983 588 5034 rex
615 4961 733 5033 furens
761 4958 957 5034 tnrcidauil.
986 4957 1030 5034 A.

1455 5093 1569 5182 31Ι
