3896 5758
797 489 952 610 aa

172 751 242 812 sua
274 726 402 809 Maria
433 724 612 829 nomine,
646 725 729 806 filia
761 725 1018 832 imperatoris
1052 751 1267 829 grecorum
1287 739 1328 807 et
1350 721 1457 808 duce
1476 723 1574 808 Bela

173 850 248 930 tilio
280 876 356 932 sno
391 850 600 931 carissimo
632 847 806 928 feliciter
831 847 1064 955 requiescit.
1087 846 1156 928 Vir
1172 849 1392 930 virtutibus
1409 849 1572 956 plenus

171 973 286 1054 cuius
319 971 518 1052 memoria
552 970 667 1078 quasi
702 970 784 1050 mel
818 970 1081 1051 dulcorosum
1114 970 1324 1077 usquein
1358 970 1466 1052 diem
1499 970 1574 1052 ho·

170 1095 355 1176 diemmn
385 1094 425 1173 in
460 1119 528 1174 ore
563 1092 747 1173 omnium
782 1092 1075 1198 hungarorum,
1110 1107 1151 1174 et
1183 1093 1354 1174 aliarum
1390 1092 1572 1200 plurium

170 1215 381 1297 nationum
415 1213 636 1297 suauescit.
671 1213 799 1295 Cuius
833 1241 982 1321 eorpus
1006 1213 1572 1322 Philippusarehiepiscopus

169 1337 454 1444 Strigoniensis
486 1337 537 1417 (le
571 1335 745 1418 ecclesia
777 1349 1004 1416 memorata
1036 1337 1185 1417 auferri
1218 1337 1486 1419 exhumando
1511 1338 1571 1418 le·

169 1475 277 1542 cerat
325 1471 466 1540 contra
499 1459 596 1561 iura,
631 1459 744 1539 etin
782 1485 856 1540 sua
898 1459 1072 1540 ecclesia
1115 1459 1337 1540 cathedrali
1387 1459 1568 1540 indebite

169 1583 375 1666 tumulari.
409 1581 542 1688 Super
574 1607 656 1686 quo
688 1581 796 1661 facto
824 1607 960 1661 eoram
979 1577 1215 1688 supremo¹)
1233 1581 1428 1689 pontifice
1447 1608 1573 1664 causa

169 1705 322 1788 (liutius
369 1703 594 1802 nantillam,
643 1703 801 1784 Fratres
844 1703 1020 1784 minores
1059 1731 1153 1784 cum
1200 1702 1353 1784 honore
1389 1703 1571 1784 maximo

168 1827 365 1910 rehabere
398 1853 450 1906 ex
485 1826 641 1930 integro
675 1838 926 1926 meruerunt,
961 1839 1002 1905 et
1034 1851 1169 1906 coram
1205 1825 1372 1931 uirginis
1401 1826 1573 1930 araglo·

169 1949 314 2032 riosius
363 1948 645 2048 condiderunt,
682 1948 750 2028 ubi
794 1947 833 2026 hi
884 1947 1046 2054 pulchri
1089 1973 1234 2029 uersus
1283 1948 1571 2029 continentur:

169 2073 319 2180 Aspice
338 2099 424 2151 rem
458 2097 593 2151 caram
626 2083 709 2150 tres
728 2071 897 2174 cingunt
929 2069 1097 2174 uirginis
1131 2095 1256 2171 aram,
1290 2068 1379 2150 Rex
1406 2069 1491 2150 dux
1511 2096 1573 2150 re·

168 2195 273 2300 gina,
309 2193 461 2300 quihus
494 2191 621 2274 assint
653 2191 803 2297 gaudia
835 2191 951 2272 trina.
985 2191 1036 2271 Et
1068 2192 1274 2298 sequitur:
1308 2189 1421 2272 Dum
1444 2192 1573 2293 licuit,

168 2331 239 2398 tua
271 2315 371 2397 dum
406 2314 537 2420 uiguit
567 2339 641 2393 rex
674 2313 773 2394 llela
805 2325 986 2419 potestas
1020 2313 1146 2394 Fraus
1191 2311 1310 2395 latuit
1340 2339 1423 2421 pax
1458 2313 1574 2394 lirina

167 2439 244 2520 fuir
275 2436 463 2543 regnauit
496 2436 701 2518 honestas.

324 2679 548 2762 LXXXIII.
569 2673 832 2779 Stephanus
859 2675 981 2756 Illius
1007 2674 1119 2756 Belo
1147 2681 1439 2770 coronatura)

324 2908 420 2988 Post
453 2907 588 3014 ipsum
623 2933 731 2988 anno
765 2907 921 2987 domini
954 2905 1226 2987 Mummi-0
1264 2907 1374 3014 oepit
1405 2935 1574 3013 regnare

169 3031 278 3112 iilius
313 3031 400 3112 eius
433 3027 668 3136 Stephanus
700 3057 825 3136 super
857 3041 983 3109 totam
1026 3027 1292 3134 Hungariam.
1336 3028 1414 3123 (lui
1448 3029 1575 3112 Otha·

171 3179 312 3234 rarum
361 3179 499 3257 regern
549 3151 820 3232 bohemorum
864 3152 904 3231 in
945 3151 1197 3257 Huugariam
1248 3179 1342 3234 cum
1388 3151 1575 3233 bohemis

169 3273 418 3358 australibus
461 3274 860 3378 bramburgensibus
909 3301 956 3351 ar
1000 3273 1145 3353 ceteris
1194 3273 1334 3354 mixtis
1383 3273 1575 3377 gentibus

171 3426 266 3478 rum
301 3395 484 3503 potentia
516 3396 752 3476 uenientem
788 3413 882 3475 ante
916 3394 1088 3476 lluuium
1125 3393 1576 3501 llapchadcuicituiri·

170 3518 261 3599 liter
293 3518 419 3626 (128)
453 3545 501 3597 ac
532 3517 704 3622 fugauit.
737 3518 926 3598 Pretcrea
960 3517 1106 3599 Budun
1143 3516 1350 3598 ciuitatem
1385 3516 1575 3623 bulgaro·

169 3669 259 3722 rum
295 3639 564 3747 expugnauit,
598 3652 639 3719 et
672 3639 862 3744 bulgaros
896 3640 1119 3746 superauit,
1155 3665 1293 3744 regem
1328 3665 1469 3720 eorum
1497 3639 1574 3722 sibi

171 3761 372 3870 compulit
403 3761 623 3843 deserbire.
656 3759 859 3867 Regnauit
890 3776 1028 3841 autem
1065 3761 1227 3843 duobus
1261 3761 1379 3841 annis
1407 3774 1448 3842 et
1465 3787 1574 3842 mor·

172 3901 265 3966 mus
299 3896 360 3965 est
394 3884 431 3963 in
467 3910 574 3964 anno
607 3885 725 3964 tertio
759 3882 873 3989 regni
905 3884 968 3964 sui
1000 3883 1043 3964 in
1076 3881 1225 3988 llagua
1256 3882 1403 3986 Insula,
1437 3894 1479 3964 et
1510 3909 1574 3966 se·

171 4008 312 4113 pultus
346 4022 408 4088 est
441 4005 480 4085 in
515 4005 687 4086 ecclesia
721 4007 841 4086 beate
875 4005 1051 4111 Virginis
1084 4005 1125 4084 in
1159 4004 1293 4085 insula
1320 4004 1515 4108 Budensi,
1533 4005 1574 4086 in

171 4130 260 4208 loco
294 4127 555 4233 Reginorum.

171 4352 396 4436 LXXXIV.
416 4347 669 4429 Ladlzlcus
682 4347 804 4428 filius
818 4346 1041 4452 Stephani
1059 4354 1308 4430 coronatur
1320 4348 1368 4429 In
1382 4345 1573 4454 r030m³)

326 4578 401 4661 Cui
435 4579 633 4661 successit
665 4578 879 4661 Ladizlaus
911 4579 1019 4662 filius
1053 4579 1153 4681 eius,
1188 4595 1228 4658 et
1261 4593 1480 4663 coronatus
1513 4594 1576 4663 est

171 4702 314 4783 eodem
350 4727 470 4800 anno,
514 4727 595 4807 quo
636 4715 824 4783 mortuus
857 4715 919 4784 est
950 4718 1067 4809 pater
1099 4701 1198 4802 eius,
1243 4700 1435 4783 videlicet
1465 4727 1574 4784 anno

278 4904 471 5006 ²)sum1no.
502 4907 540 4979 T.
572 4907 599 4999 ²)
629 4908 678 4979 lle
708 4909 880 5000 Stephano
919 4931 997 5002 roge
1032 4911 1167 5002 qrrarto.
1197 4906 1237 4980 I.
1274 4908 1302 4996 ³)
1330 4907 1380 4979 De
1409 4907 1571 4982 badizlao

171 5033 249 5106 rege
278 5010 394 5084 tercio.
