4024 5776
1017 429 1172 562 a

395 665 607 790 prehendi,
657 705 830 787 quarum
880 706 1006 760 unam
1040 679 1185 761 Hunor
1229 691 1269 758 et
1324 675 1446 758 aliam
1489 672 1632 785 Mogor
1679 678 1759 762 sibi
1771 665 1803 788 ἰ)

395 801 572 911 sumpsit
612 802 654 882 in
690 828 879 884 uxorem.
928 801 990 880 Ex
1030 802 1181 908 quibus
1220 801 1462 882 rnnlieribus
1505 827 1650 884 omnes
1687 801 1805 884 Huni

395 927 484 1008 siue
516 924 701 1030 Hungari
735 924 931 1028 originem
968 950 1241 1030 assumpsere.
1263 923 1434 1003 Factum
1460 939 1521 1005 est
1544 938 1684 1005 autem
1703 953 1801 1006 oum

395 1048 549 1130 diutius
582 1047 622 1126 in
657 1047 756 1152 ipsis
792 1045 1011 1152 paludibus
1044 1045 1378 1152 permansissent,
1414 1045 1453 1124 in
1497 1059 1664 1150 gentem
1696 1045 1802 1126 vali·

396 1169 606 1252 dissimam
652 1195 912 1250 succrescere
957 1167 1210 1274 inceperunt,
1245 1193 1322 1246 nee
1361 1193 1508 1274 capere
1550 1195 1621 1250 eos
1668 1168 1808 1278 potuit

395 1294 486 1400 ipsa
521 1291 632 1395 regio
666 1303 706 1370 et
740 1289 906 1370 nutrire.

554 1415 592 1497 4.
626 1411 967 1520 Exploratoribus
1008 1405 1168 1517 igitnr²)
1218 1411 1258 1490 in
1292 1409 1457 1492 Scitiam
1492 1413 1641 1494 abinde
1675 1412 1804 1493 ‹lesti-

395 1536 513 1638 natis,
548 1533 670 1614 Scit-ie
703 1560 828 1638 regno
878 1533 1091 1640 explorato
1135 1561 1230 1612 oum
1264 1532 1402 1639 pueris
1436 1549 1477 1614 et
1508 1535 1704 1616 annectis
1737 1535 1802 1641 ip-

397 1685 484 1742 sam
519 1657 692 1763 patriam
725 1657 930 1737 intrauere
963 1654 1232 1761 permansuri.
1266 1653 1454 1759 Regnum
1489 1656 1628 1764 itaque
1662 1658 1801 1765 ipsum

398 1781 497 1862 dum
531 1778 738 1880 adiissent,
772 1777 972 1883 Alpzmos
1006 1791 1046 1856 et
1078 1777 1276 1857 l‘rutenos
1311 1777 1351 1856 in
1379 1803 1427 1856 eo
1460 1778 1712 1861 inuenerunt
1728 1777 1804 1858 ha-

396 1903 588 2003 bitantes,
639 1901 791 2006 quibus
839 1899 984 1979 deletis
1026 1913 1066 1978 et
1100 1898 1285 2004 expulsis
1323 1913 1394 1978 ant
1436 1897 1632 2011 oetoisisJ)
1665 1927 1802 2006 usque

397 2025 518 2105 hodie
562 2021 662 2103 illud
710 2049 882 2126 regnum
933 2019 1069 2100 inuitis
1102 2015 1287 2124 vieinisll
1320 2021 1491 2127 pacifice
1531 2023 1806 2106 dinoscuntur·

398 2145 620 2254 possidere.
654 2143 803 2224 Soitica
835 2142 943 2224 enim
980 2142 1089 2247 regio
1124 2143 1162 2221 in
1197 2141 1362 2248 Europa
1394 2143 1518 2224 situm
1552 2146 1689 2247 habet,
1723 2171 1800 2225 ex·

397 2267 579 2349 tenditur
611 2266 721 2346 enim
752 2293 896 2348 versus
930 2265 1155 2362 orientmn3
1189 2265 1240 2344 ab
1274 2290 1480 2345 nno-vero
1514 2267 1639 2348 latere
1672 2282 1801 2375 ponto

399 2388 634 2497 aquilonali,
668 2390 719 2469 ab
753 2387 832 2468 alio
867 2387 1075 2467 montibus
1109 2386 1231 2465 llil'eis
1275 2385 1497 2468 includitur
1528 2415 1552 2470 a
1585 2415 1686 2470 zona
1719 2403 1803 2470 tor·

398 2513 486 2592 rida
518 2511 685 2592 distans.
706 2509 765 2591 l)e
784 2510 939 2590 oriente
963 2508 1130 2614 quidem
1151 2508 1247 2588 Asie
1267 2508 1457 2613 iungitur,
1470 2507 1500 2616 ⁵)
1522 2512 1707 2592 oriuntur
1725 2512 1801 2591 eti·

399 2662 465 2716 am
500 2633 541 2712 in
574 2633 720 2713 eodem
754 2632 835 2712 duo
870 2657 1018 2735 magua
1049 2629 1230 2728 flumina,
1267 2630 1336 2710 tuti
1370 2657 1522 2712 riorncn
1556 2632 1661 2734 Etru,
1681 2649 1721 2714 et
1742 2633 1804 2713 al·

400 2757 524 2837 terius
556 2755 724 2859 'l'ogora
758 2755 912 2834 (lentes
945 2752 1148 2858 siquidem
1183 2753 1221 2831 in
1257 2777 1304 2832 eo
1337 2779 1463 2858 regno
1492 2769 1702 2860 procreate
1720 2755 1806 2836 otia

400 2878 720 2985 amplectuntur,
754 2875 1004 2956 vanitatibus
1038 2874 1185 2975 dedite,
1219 2889 1365 2956 nature
1398 2875 1669 2979 dedignantis,
1706 2878 1803 2958 arti·

399 2995 519 3106 bus⁶)
560 2998 747 3079 venereis
796 2997 1067 3098 intendentes,
1116 2995 1280 3102 rapinas
1329 2998 1514 3104 eupiunt,
1559 2999 1806 3104 generaliter

400 3123 494 3231 plus
527 3122 640 3226 nigre
689 3120 824 3200 colore
872 3147 996 3225 qnam
1046 3118 1151 3199 albe.
1200 3117 1348 3200 Scitioo
1383 3145 1549 3227 quoque
1584 3147 1708 3228 regno
1749 3122 1802 3202 de

400 3244 555 3324 oriente
604 3242 785 3346 iungitur
829 3269 1002 3345 rognum
1044 3240 1309 3342 lorianornm,
1344 3255 1384 3321 et
1416 3256 1510 3348 post
1540 3243 1619 3324 heo
1651 3243 1802 3344 Tarsia,

400 3379 441 3446 et
473 3365 638 3446 tandem
674 3362 878 3468 llangalia
911 3363 980 3444 ubi
1015 3361 1180 3469 Europa
1211 3363 1465 3445 termimum.
1484 3363 1546 3444 Ex
1566 3366 1688 3473 plaga
1704 3391 1803 3446 uero

401 3487 561 3570 estiuali
593 3486 816 3567 subsolana
848 3513 947 3589 gens
982 3485 1085 3564 iacet
1129 3483 1380 3587 (lorosmina,
1430 3485 1621 3594 Etlriopia
1668 3488 1804 3588 etiam,

402 3637 482 3716 que
515 3608 632 3690 ludia
665 3608 796 3687 minor
828 3607 986 3687 (lieitm.
1022 3606 1082 3686 Λα
1116 3621 1209 3712 post
1244 3603 1360 3712 boo⁷)
1397 3608 1501 3689 inter
1533 3610 1744 3690 meridiem
1764 3625 1806 3688 et

402 3758 566 3812 cursum
619 3728 708 3808 llon
750 3728 865 3810 lluuii
908 3729 1117 3808 desertum
1166 3728 1304 3808 existit
1349 3729 1595 3811 irnmeabile.
1632 3731 1805 3813 Fluuins

401 3852 605 3958 siqnidem
639 3850 731 3930 llon
766 3851 805 3929 in
840 3849 963 3930 Scitia
995 3851 1131 3950 oritur,
1166 3850 1235 3956 qni
1270 3851 1321 3931 ab
1356 3851 1561 3958 llungaris
1595 3853 1689 3934 Etnl
1731 3877 1804 3934 no·

402 3975 607 4072 minatum
640 3972 712 4054 serl
745 3984 791 4054 ut
824 3985 983 4052 rtumtes
1018 3972 1152 4052 llifeos
1186 3973 1339 4072 transit,
1374 3973 1598 4055 diffluendo
1632 3973 1724 4057 Don
1743 3989 1807 4058 est

402 4096 646 4204 appellatus,
689 4095 759 4200 qui
802 4095 967 4174 tamlem
1004 4095 1043 4174 in
1077 4095 1246 4200 planum
1291 4094 1463 4177 ellluens
1498 4097 1623 4179 currit
1654 4110 1804 4179 terram

404 4219 641 4318 Alanornm,
675 4229 818 4322 postea
850 4241 945 4296 vero
980 4215 1087 4296 cadit
1120 4217 1161 4296 in
1193 4217 1416 4299 rotnmlnm
1453 4247 1563 4300 mare
1598 4220 1723 4300 ternis
1740 4245 1806 4300 ra·

402 4340 613 4423 musculis.
658 4338 816 4444 'logora
858 4349 997 4418 antem
1037 4337 1190 4421 lluuius
1234 4338 1423 4420 discurrit
1463 4339 1513 4419 ‹le
1556 4339 1680 4421 Scitin
1712 4341 1800 4422 exi-

402 4457 549 4568 endo⁸)
584 4489 656 4568 per
688 4461 868 4542 desertas
902 4459 1026 4540 siluas
1059 4460 1232 4567 paludes
1265 4489 1313 4541 ac
1346 4475 1508 4543 montes
1543 4461 1700 4565 niueos,
1734 4465 1807 4546 ubi

402 4609 619 4691 nunquam
651 4582 711 4662 sol
745 4583 856 4663 lucet
887 4597 1055 4689 propter
1072 4583 1257 4664 nebulas.
1286 4583 1614 4666 'l'anrlem'intrat
1633 4585 1670 4665 in
1690 4611 1806 4692 yma-

512 4857 537 4959 ¹)
565 4881 672 4933 suam.
706 4855 732 4948 ²)
762 4881 854 4952 ergo.
884 4855 911 4956 3)
940 4863 997 4932 atil
1031 4882 1097 4933 occ.
1134 4883 1198 4932 om.
1229 4861 1293 4933 lle.
1328 4855 1356 4954 ⁴)
1394 4858 1464 4934 inu.
1504 4860 1604 4936 sicin.
1643 4885 1708 4938 om.
1739 4861 1805 4936 lle.

406 4972 433 5060 Β)
463 4964 660 5062 iunguntur.
692 4962 717 5061 ⁸³)
747 4963 891 5036 artibus.
925 4966 951 5055 ἲ)
980 4965 1050 5036 ber.
1084 4962 1110 5055 ⁸³)
1140 4967 1305 5038 exeumlo.
