3896 5758
964 439 1119 542 Q

341 775 543 860 LXXVII.
576 769 792 854 Andreas
827 779 961 877 pater
1000 781 1159 855 saneto
1197 772 1460 876 Elymbeth
1500 777 1745 855 coronatur

904 914 951 994 in
979 914 1183 1018 regem)

498 1143 624 1251 (124)
657 1142 764 1224 Huic
797 1145 996 1227 successit
1029 1146 1214 1227 Andreas
1247 1145 1355 1227 filius
1388 1144 1486 1226 Bele
1518 1143 1640 1225 tertii.
1666 1141 1742 1237 Qui

342 1265 528 1347 Andreas
562 1279 780 1348 coronatus
814 1279 876 1348 est
907 1266 1105 1350 uicesimo
1138 1268 1315 1375 septimo
1348 1267 1414 1347 die
1457 1279 1551 1374 post
1588 1265 1744 1347 obitum

341 1387 446 1493 regis
478 1387 667 1487 Ladizlai,
701 1402 846 1494 quarto
888 1389 976 1470 Kal.
1022 1389 1136 1470 lunii
1179 1391 1220 1470 in
1262 1390 1569 1470 Pentheeostes.
1618 1386 1744 1468 Cuius

340 1535 448 1590 uxor
478 1510 556 1590 fuit
588 1509 755 1590 domina
788 1511 999 1592 (lertrudis
1040 1511 1091 1591 de
1126 1511 1354 1614 Alamania,
1388 1511 1438 1592 de
1481 1537 1564 1616 qua
1606 1509 1745 1614 genuit

341 1631 496 1733 Belum,
532 1629 827 1743 Colomanum,
855 1633 1064 1714 Andream
1109 1648 1150 1713 et
1190 1635 1353 1714 beatam
1388 1631 1624 1739 lllyzabetlr.
1666 1629 1743 1710 Sed

340 1752 442 1860 proh
463 1753 593 1853 dolor
623 1753 796 1836 humani
828 1755 988 1858 generis
1022 1755 1187 1836 inimico
1221 1756 1364 1862 procul
1389 1754 1516 1834 dubio
1534 1753 1744 1854 suadente,

341 1901 516 1956 uxorem
551 1875 666 1956 Bank
698 1876 795 1957 bani
829 1877 1035 1981 magnifici
1068 1878 1144 1958 uiri
1173 1877 1341 1958 domina
1360 1890 1587 1957 memorata
1605 1875 1647 1957 ui
1665 1887 1743 1955 tra·

341 1997 443 2078 didit
476 1997 640 2078 cuidam
672 1998 784 2078 fratri
817 1997 967 2105 hospiti
1000 2000 1291 2080 deludendam.
1321 1997 1454 2093 (luam
1490 1999 1543 2079 ob
1576 2023 1742 2078 causam

340 2119 450 2200 idem
484 2119 599 2200 Banlr
634 2120 767 2202 banus
800 2119 852 2200 de
884 2147 1034 2225 genere
1056 2122 1136 2202 Bor
1168 2121 1378 2223 oriundae,
1405 2148 1529 2202 suum
1562 2118 1741 2224 gladium

340 2243 382 2322 in
414 2241 554 2346 regine
587 2241 787 2346 sanguine
819 2242 1106 2324 miserabiliter
1124 2243 1368 2343 eruentauit,
1387 2256 1428 2323 et
1454 2242 1540 2323 diro
1574 2241 1742 2322 vulnere

341 2363 566 2445 sauciatam
601 2390 708 2444 anno
742 2363 897 2445 domini
931 2363 1122 2446 nooxu
1163 2365 1377 2446 interfecit.
1425 2363 1552 2446 Cuius
1595 2390 1742 2469 corpus

340 2484 383 2566 in
415 2485 663 2567 monasterio
695 2486 920 2591 griseorum
955 2488 1251 2570 monachorum
1287 2488 1338 2567 de
1364 2486 1469 2568 Pelis
1502 2485 1740 2567 tumulatur.

339 2606 415 2688 Pro
448 2607 565 2688 cuius
597 2633 699 2688 nece
733 2633 816 2689 vox
848 2609 994 2690 flebilis
1027 2610 1208 2692 insonuit
1248 2610 1287 2690 in
1330 2621 1416 2688 tota
1447 2608 1670 2709 Pannonia,
1703 2623 1740 2687 et

339 2728 380 2808 in
415 2729 526 2809 omni
559 2756 709 2835 genere
741 2730 858 2810 Banlr
891 2731 987 2811 bani
1030 2730 1274 2812 execrabilis
1319 2744 1361 2811 et
1403 2724 1648 2836 horrenda²)
1683 2740 1740 2810 est

339 2851 550 2958 sanguinis
584 2852 728 2934 eII'usio
761 2854 997 2934 subsecuta.

524 3094 745 3176 LXXVIII.
780 3088 995 3172 Andreas
1022 3089 1155 3172 vadit
1180 3091 1546 3196 lherosolynam.

493 3341 591 3422 Post
621 3340 698 3422 hec
731 3339 918 3423 Andreas
951 3353 1101 3423 terram
1134 3354 1319 3424 sanctam
1338 3341 1523 3424 uisitauit
1539 3341 1591 3422 ad
1628 3366 1738 3421 man·

338 3461 480 3542 datum
515 3462 672 3543 domini
704 3490 823 3570 pape.
843 3463 961 3558 Quod
980 3464 1221 3545 mandatum
1251 3476 1468 3570 acceperat
1500 3463 1600 3544 dum
1635 3475 1739 3544 esset

337 3581 474 3664 adhuc
508 3583 607 3686 dux,
641 3585 749 3666 sicut
783 3585 957 3667 habetur
989 3599 1107 3667 extra
1139 3586 1189 3666 de
1222 3601 1321 3666 uoto
1355 3600 1396 3665 et
1427 3585 1513 3666 uoti
1550 3585 1737 3690 redemp-

337 3701 510 3812 tione³):
553 3706 668 3786 Licet
700 3707 917 3791 uniuersis.
961 3707 1065 3803 Quia
1106 3708 1194 3815 ipse
1237 3707 1464 3814 compleuit
1496 3721 1537 3788 et
1568 3705 1737 3786 redemit

337 3840 480 3908 votum
515 3829 653 3935 patris
687 3829 737 3909 Et
769 3829 826 3909 ibi
858 3830 898 3910 in
932 3843 1039 3910 terra
1071 3843 1214 3912 saneta
1236 3828 1605 3935 superexereitum
1626 3827 1737 3909 Chri·

338 3948 566 4031 stianorum
609 3965 750 4031 contra
783 3949 1008 4032 Soldanum
1042 3952 1255 4033 Babilonie
1298 3951 1539 4057 capitaneus
1582 3964 1623 4029 et
1654 3949 1735 4029 dux

338 4071 558 4178 preficitur,
593 4085 634 4152 et
665 4080 764 4152 mox
797 4072 930 4154 uictor
968 4073 1143 4155 efficitur
1173 4074 1386 4178 gloriosus.
1419 4071 1568 4154 Mansit
1600 4083 1733 4150 autem

339 4192 468 4278 tribus
502 4194 727 4280 mensibus.
763 4193 903 4299 Regali
937 4194 1116 4302 denique
1149 4196 1342 4278 thezauro
1376 4193 1564 4302 exposito
1606 4193 1736 4274 diuer-

337 4341 477 4396 sorum
510 4329 747 4398 sanctorum
780 4317 1022 4424 peripsum
1065 4317 1237 4424 reliquie
1280 4329 1574 4424 conparantur:
1617 4329 1738 4422 caput

340 4436 538 4518 uidelicet
568 4439 876 4547 protomartyris
910 4437 1119 4547 Stephani,
1148 4453 1189 4520 et
1221 4451 1346 4546 caput
1377 4440 1497 4522 beate
1515 4437 1737 4543 Margarete

340 4558 508 4666 uirginIs
541 4573 582 4640 et
614 4561 801 4668 martyris
835 4559 972 4669 (125),
1006 4562 1178 4644 dextera
1209 4562 1320 4643 beati
1355 4559 1513 4642 Thome
1553 4557 1736 4666 apostoli

340 4749 369 4756 ...-
378 4750 505 4757 ——..„..

448 4833 473 4929 ¹)
502 4837 551 4911 De
568 4839 715 4912 seeundo
732 4861 811 4932 rege
827 4837 961 4911 Andrea
992 4838 1063 4912 filio
1091 4839 1187 4914 baele
1216 4836 1323 4913 tercii.
1353 4837 1395 4914 Α.
1418 4841 1446 4930 ²)
1475 4835 1675 4912 horrendas.
1704 4837 1738 4914 G.

340 4933 369 5032 ³)
398 4943 514 5016 vocab.
545 4946 644 5015 extra
670 4941 725 5017 hic
753 4943 850 5038 ponIt
869 4944 909 5016 T.
