3898 5752
977 501 1131 605 gne-

359 717 493 814 ,Regia
521 716 689 794 celsitudo
718 739 822 812 snper
849 719 956 793 altare
986 719 1087 794 tactis
1116 717 1302 812 ouarrgeliis
1331 717 1501 812 promisit,
1523 717 1612 813 quod
1631 723 1699 794 tam
1718 716 1749 792 in

354 865 414 932 se,
449 862 550 934 quem
586 839 621 914 in
654 841 738 930 illis,
773 841 955 942 (cumanis)
992 841 1133 916 dimisso
1172 861 1381 935 paganorum
1418 842 1537 932 abusu,
1568 849 1751 916 resumeret

355 962 621 1039 christianorum
639 962 794 1038 habitum
816 967 884 1040 tam
903 962 938 1038 in
958 962 1111 1038 uestibus
1132 985 1231 1057 qnuam
1260 961 1295 1035 in
1325 961 1516 1055 capillis.
1546 963 1751 1058 Quamquam

355 1086 580 1162 Cumanorum
611 1085 726 1160 nuncii
755 1092 866 1160 certos
895 1085 1106 1178 recepissent
1134 1091 1166 1158 et
1196 1086 1444 1178 approbassent
1477 1083 1652 1172 articulos,
1686 1107 1751 1158 nno

356 1211 510 1301 excepto,
540 1206 699 1282 uidelicet
727 1207 768 1280 de
787 1207 905 1282 barbis
926 1205 1095 1298 radendis,
1117 1214 1151 1280 ot
1170 1206 1323 1282 crinibus
1338 1206 1572 1281 br·eviandIs.“
1603 1208 1749 1282 biennum.

354 1327 414 1403 IV.
448 1323 610 1404 193-4.
1190 1343 1192 1348 ·

508 1453 560 1525 Er
587 1451 642 1526 his
670 1456 776 1544 patet,
805 1453 1021 1548 Anonymurn
1050 1458 1215 1548 crastenum,
1264 1455 1319 1546 qni
1364 1457 1530 1528 tlnnnanes
1572 1453 1749 1548 capillatos

356 1595 432 1648 esse
461 1573 620 1664 nesciret,
650 1573 686 1647 in
714 1574 791 1650 aula
818 1576 921 1648 Balce
949 1575 1028 1648 ij
1058 1575 1149 1669 regis
1178 1581 1350 1650 uersatum
1391 1598 1601 1669 unoquoquam
1638 1575 1751 1650 fuisse.

360 1695 548 1770 dedicerat
577 1697 618 1769 de
647 1695 751 1771 Curris
778 1701 857 1789 post
894 1700 1015 1773 acerbe
1057 1721 1131 1772 cnm
1172 1698 1348 1792 Hungaris
1391 1703 1488 1792 gesta
1529 1698 1619 1772 bella
1661 1699 1753 1772 sedes

357 1819 493 1894 tandem
520 1819 557 1892 in
583 1820 647 1893 hoo
675 1841 781 1914 regno
819 1819 939 1895 nactis.
983 1819 1047 1914 Qui
1075 1819 1201 1896 rItibus
1229 1820 1493 1894 christianornm
1522 1820 1588 1894 iam
1616 1819 1752 1908 initiati,

358 1963 420 2014 sna
446 1944 559 2015 aetate
586 1964 606 2014 o
634 1940 758 2016 ceteris
785 1941 916 2036 patriae
946 1942 1067 2018 ineolis
1097 1965 1162 2018 non
1197 1943 1419 2017 differebant:
1450 1943 1659 2037 putabatque
1686 1965 1753 2033 eos,

358 2085 433 2138 cum
459 2063 585 2158 pagani
613 2063 772 2153 luissent,
802 2087 894 2138 more
922 2065 1176 2140 [smaelitarum
1206 2072 1239 2138 et.
1269 2068 1542 2156 sarracenerum,
1568 2087 1654 2159 quos
1672 2067 1753 2138 bene

360 2189 515 2276 creuerat,
545 2184 658 2280 capita
686 2208 728 2259 ex
756 2193 938 2281 praecepto
967 2187 1146 2282 religionis
1188 2189 1305 2262 radere
1348 2188 1470 2263 solitos
1511 2209 1597 2264 esse.
1645 2188 1755 2261 Huius

359 2311 433 2382 erat
460 2307 563 2382 etiam
591 2306 764 2401 opinionis
794 2308 846 2382 uir
874 2309 1004 2399 doctus,
1035 2309 1093 2402 qui
1122 2310 1157 2383 in
1187 2333 1289 2404 snpra
1318 2309 1466 2384 Iacrdntis
1504 2308 1616 2384 literis
1655 2309 1756 2404 regiis

360 2433 396 2503 et
424 2429 615 2524 pontificiis
630 2431 766 2506 nomine
795 2432 1114 2525 capillorum
1142 2435 1175 2504 et
1204 2431 1427 2506 erinium
1455 2431 1631 2506 cincinnos
1646 2429 1756 2505 nescio

360 2573 444 2646 quos
472 2554 618 2646 putebat
647 2553 859 2648 significari;
891 2557 948 2649 qui
976 2581 993 2628 e
1022 2557 1133 2649 rapite
1162 2561 1275 2628 cetera
1302 2576 1379 2628 raso
1409 2556 1442 2627 in
1471 2555 1595 2628 collum
1624 2557 1658 2628 et
1697 2554 1756 2627 hn-

362 2695 473 2748 meros
503 2675 745 2768 dependerent.
791 2677 857 2751 Sed
887 2676 1019 2751 fallitur
1057 2679 1107 2750 uir
1150 2679 1315 2752 eruditus.
1362 2679 1449 2752 Nnrn
1495 2678 1523 2750 si
1571 2675 1686 2770 capilli
1727 2683 1757 2750 et

358 2795 470 2871 crines
499 2795 704 2871 cincinni
733 2799 856 2888 forent,
880 2823 945 2874 non
966 2802 986 2874 b
1003 2824 1019 2873 r
1035 2825 1051 2874 o
1067 2823 1086 2872 r
1102 2802 1112 2874 i
1129 2823 1147 2874 a
1163 2824 1180 2872 r
1195 2825 1212 2874 e
1227 2824 1248 2873 n
1265 2807 1278 2874 t
1294 2825 1313 2873 u
1326 2823 1366 2881 r,
1390 2801 1447 2872 sed
1467 2797 1756 2874 abscinderentur.

358 2920 431 2993 Imo
461 2923 542 2992 tune
570 2941 636 2993 nen
667 2924 809 2996 torrsnra
837 2922 1037 3016 capillorum
1067 2923 1331 3016 puneeIperetnr,
1380 2921 1438 2996 sod
1481 2942 1600 2994 rasura
1638 2919 1758 3014 eapitis

358 3039 608 3134 prohiberetur.
626 3043 721 3117 Etre
741 3065 819 3117 uera
848 3043 1045 3136 capillatum
1074 3043 1227 3118 videmus
1256 3043 1453 3119 Ladislaurn
1481 3065 1596 3136 regem
1624 3042 1658 3115 in
1690 3043 1757 3136 pic·

359 3170 436 3238 ture
463 3163 589 3239 codicis
619 3163 894 3240 vindobonensis
923 3189 995 3260 cup
1026 3167 1231 3255 LXXXIII,
1262 3171 1295 3238 ot
1323 3173 1455 3240 ceteros
1484 3187 1645 3238 ceonrenos
1675 3163 1756 3236 mul·

359 3285 406 3360 tis
434 3285 468 3359 in
497 3285 583 3360 loeis
612 3286 762 3361 eiusdem
792 3288 966 3378 chronici;
1011 3291 1045 3363 in
1074 3289 1170 3364 enins
1202 3289 1312 3382 rapite
1340 3287 1528 3362 LXXXVI
1556 3287 1684 3360 diserta
1721 3285 1756 3358 lit

359 3407 486 3482 mentio
514 3408 750 3484 crinium.
798 3411 1001 3498 ,Firnmnns
1030 3413 1215 3506 apostolice
1244 3411 1336 3485 sedis
1364 3411 1499 3505 legatus
1540 3411 1666 3502 barbas
1707 3431 1756 3480 rc·

359 3532 438 3604 dere
467 3531 644 3606 crines
672 3533 991 3608 detruncare
1020 3535 1278 3609 demandabant
1311 3557 1343 3628 p.
1377 3535 1462 3607 129.

516 3654 657 3728 Fratres
686 3654 788 3730 etiarn
817 3656 1075 3732 Praedicatores
1105 3659 1161 3751 qui
1190 3663 1268 3732 ante
1294 3655 1517 3751 irruptionem
1540 3655 1756 3728 Tartaronnm

360 3801 421 3871 per
450 3777 646 3853 eumeniam
673 3779 709 3853 in
738 3778 904 3854 orientem
931 3782 1195 3876 proficiscuntur
1236 3779 1377 3874 capillos
1421 3775 1601 3852 nutriunt:
1651 3775 1755 3870 ,Quc-

360 3906 438 3976 tnor
466 3902 592 3975 iratres
620 3905 758 3996 accepta
786 3903 1035 3990 benedictione,
1065 3903 1184 3978 habitu
1214 3901 1362 3996 regulari
1392 3901 1427 3974 in
1456 3901 1644 3975 secularem
1687 3921 1754 3973 mu·

359 4028 443 4116 tcto,
460 4023 576 4099 barbis
604 4029 638 4098 et
666 4023 892 4118 capillis
921 4026 969 4098 in
999 4027 1185 4101 medum
1213 4047 1501 4120 paganorum
1530 4020 1752 4108 nutritis,

359 4171 466 4244 usque
495 4145 828 4241 constantinopolim
856 4152 1118 4243 peruenerunt“
1162 4145 1349 4223 Christiani
1378 4145 1565 4220 tondebant
1593 4143 1754 4240 perillus

359 4270 517 4368 regiones
546 4269 669 4364 cupita,
700 4293 767 4346 non
795 4270 946 4345 Cumani.
998 4272 1124 4359 ,Terra
1154 4293 1237 4364 qnae
1266 4272 1405 4344 vocatur
1442 4267 1569 4358 Siebia,
1618 4287 1754 4361 quorum

358 4396 427 4468 dnn
456 4398 491 4467 et
518 4393 636 4488 populi
665 4416 701 4468 se
730 4393 1058 4469 christianos
1086 4393 1225 4480 dionnt;
1269 4435 1311 4444 -
1344 4413 1461 4465 omnes
1489 4389 1554 4464 uiri
1589 4391 1752 4483 calent

359 4539 427 4591 om
442 4515 485 4590 ni
501 4537 557 4590 no
594 4514 753 4589 rodun
771 4521 808 4604 t,
841 4515 1013 4591 nobilibus
1043 4515 1207 4608 exceptis,
1238 4513 1294 4609 qui
1324 4511 1358 4588 iu
1388 4513 1524 4608 signum
1566 4507 1753 4586 nobilitatis

359 4659 514 4732 super
554 4637 844 4712 auriculam
887 4637 1169 4713 sinistram
1211 4659 1337 4731 paucos
1379 4636 1578 4730 relinquunt
1614 4633 1752 4729 capillos

358 4763 471 4834 cetera
497 4761 595 4853 perte
624 4757 747 4852 cepitis
776 4765 849 4834 tota
877 4769 986 4834 rase.“
1023 4761 1132 4834 1236.
1162 4759 1197 4835 C.
1226 4761 1268 4834 D.
1297 4761 1357 4835 IV.
1390 4764 1423 4833 1.
1453 4762 1515 4833 51.

495 4882 549 4976 ¹2.
578 4882 682 4956 Belne
709 4882 802 4977 regis
830 4883 985 4958 notarius
1014 4883 1050 4958 in
1078 4881 1295 4957 recensendis
1322 4881 1408 4957 Iocis
1427 4905 1488 4976 per
1506 4879 1638 4975 primos
1658 4880 1752 4954 duces

358 5001 533 5098 occupatis
561 5006 652 5078 amat
680 5001 899 5098 interponere
927 5004 1239 5084 animaduersiones
1275 5004 1470 5096 historicas,
1517 5003 1559 5078 cd
1606 5005 1753 5100 tempore

357 5145 476 5225 regum
503 5127 539 5200 et
566 5147 628 5202 sue
655 5129 863 5224 spectantes.
