4024 5776
998 447 1153 568 nnn

371 679 484 758 autem
511 669 599 756 liule
627 678 795 777 principis
822 678 1011 754 Alanorum
1039 723 1087 735 -
1115 680 1206 755 inter
1234 681 1350 757 illos
1379 705 1547 777 pueros
1572 663 1658 760 duas
1682 665 1773 761 filias

369 804 643 901 comprehendi.“
676 802 734 880 Sic
761 824 836 876 cum
864 801 977 876 codice
1005 803 1123 898 Toldy.
1154 803 1331 893 andoius
1367 804 1463 878 cuins
1499 806 1772 882 emendationem

369 932 480 1007 editor
506 926 692 1021 adoptauit,
721 926 811 998 hunc
839 922 941 996 etiam
963 924 1074 998 locum
1093 925 1290 1019 interpolat,
1312 927 1470 1020 deletqne
1494 927 1596 1016 ,illos
1616 935 1769 1022 pueros“

369 1058 403 1129 et
431 1051 568 1128 scribit:
602 1046 778 1140 ,dorrtigit
804 1051 918 1120 autem
945 1047 1081 1120 eosdem
1108 1047 1142 1120 in
1170 1049 1234 1122 hac
1261 1048 1382 1142 rapina
1410 1049 1534 1122 inter
1561 1056 1773 1126 caeteras

369 1177 478 1250 Dulae
506 1170 674 1267 principis
702 1169 891 1242 Alanorum
918 1168 1022 1241 does
1052 1167 1188 1242 filias
1216 1169 1367 1264 uirgines
1396 1176 1482 1244 etc.“

528 1291 773 1386 Subiungimus
802 1312 906 1362 onum
933 1293 967 1363 et
995 1292 1140 1364 alterum
1168 1313 1348 1383 perversae
1376 1292 1536 1367 lectionis
1556 1296 1769 1384 exernplnrn:

373 1419 480 1514 ,Illos
508 1413 699 1510 potioribus
740 1411 871 1486 attollit
911 1411 1073 1505 insigniis
1114 1412 1322 1508 dignitatum
1364 1417 1397 1488 et
1440 1417 1772 1508 paroemiorum

369 1538 518 1616 uberiori
547 1535 773 1610 retributione
800 1533 1055 1627 prosequitur.“
1087 1556 1120 1626 p.
1154 1539 1184 1608 1.
1215 1535 1327 1609 Codex
1356 1537 1630 1629 premiorum
1656 1539 1769 1613 habet.

370 1660 542 1754 „Vlachis
585 1659 640 1754 qni
680 1657 831 1750 ipsorum
859 1655 1103 1730 coloniae
1140 1657 1297 1737 extitere.
1327 1659 1607 1734 remanentibus“
1641 1685 1675 1754 p.
1707 1663 1768 1735 14.

368 1789 434 1861 Pro
463 1780 619 1859 coloni
648 1778 786 1854 codicis.

524 1904 590 1978 Sed
609 1901 780 1996 parcimus
799 1901 908 1973 famae
928 1899 993 1973 uiri
1020 1923 1141 1995 magna
1167 1901 1335 1994 qnondam
1360 1902 1450 1975 inter
1478 1904 1661 1996 populares
1690 1928 1770 1980 suos

366 2025 570 2103 eruditionis
597 2022 709 2120 gloria
737 2020 924 2114 cornspicui.
955 2021 992 2095 Si
1017 2021 1070 2095 cui
1090 2044 1212 2115 operae
1232 2023 1380 2117 pretium
1401 2024 1571 2098 videbitur
1590 2027 1701 2101 varias
1728 2027 1770 2102 il·

367 2151 434 2225 lius
454 2153 489 2223 et
509 2150 645 2222 nostrae
665 2143 827 2219 editionis
847 2145 1011 2217 lectiones
1026 2145 1198 2239 colligere,
1219 2145 1383 2238 plurimas
1412 2147 1593 2223 adnotatas
1622 2150 1769 2242 reperiet

369 2272 403 2345 in
425 2272 492 2346 ima
510 2274 608 2364 parte
628 2267 830 2362 paginarum
848 2265 949 2339 litera
968 2267 1006 2340 T.
1028 2265 1193 2359 signatas,
1214 2268 1267 2340 uel
1287 2266 1386 2360 signo
1406 2274 1572 2344 carentes

524 2392 596 2465 Nos
617 2390 649 2462 in
670 2388 828 2463 omnibns
848 2387 1052 2481 scripturam
1067 2387 1193 2461 codicis
1209 2387 1435 2464 bibliothecae
1452 2391 1623 2484 palatinae
1637 2393 1766 2469 Vindo-

366 2513 527 2590 bonensis
552 2534 690 2586 numero
718 2510 796 2584 405
827 2508 955 2604 signati
983 2509 1091 2582 secuti
1117 2533 1246 2584 sumus.
1277 2511 1528 2587 Variusuutem
1553 2514 1718 2590 lectiones
1748 2539 1765 2590 e

367 2637 462 2711 nullo
482 2635 550 2710 alio
569 2638 807 2729 praeterquam
826 2630 976 2706 chronici
996 2630 1079 2706 dicti
1099 2632 1252 2725 acephali
1273 2633 1386 2707 codice
1402 2636 1657 2710 membranaceo
1677 2636 1766 2711 eius·

367 2761 446 2833 dem
460 2757 699 2845 bibliothecae,
717 2777 855 2827 numero
867 2753 1090 2848 bdbsignato
1102 2754 1333 2847 adposuimus.
1347 2754 1433 2849 Quia-
1452 2757 1556 2830 codex
1577 2756 1643 2832 iste
1663 2757 1767 2834 Chro-

366 2881 443 2955 nico
464 2879 561 2955 Picto
581 2883 693 2952 aetate
712 2874 863 2969 aequalis
884 2877 982 2969 plura
1002 2875 1164 2966 continet,
1190 2898 1274 2969 quae
1294 2875 1328 2949 in
1350 2877 1429 2950 aliis
1448 2879 1599 2954 eiusdem
1619 2879 1768 2955 familiae

365 3002 622 3088 desiderantum
640 3004 674 3074 et
687 2999 768 3072 licet
782 2998 901 3092 Toldy,
918 3003 955 3071 ut
970 2996 1101 3088 scribit,
1118 3019 1193 3071 enm
1207 3000 1248 3072 ad
1260 3021 1394 3072 manum
1409 3001 1567 3074 habuerit
1581 3008 1615 3075 et
1630 3003 1765 3099 legerit,

365 3147 462 3200 nemo
482 3124 601 3212 adhuc,
623 3122 711 3214 quod
731 3119 877 3193 sciamus
898 3119 1037 3213 propria
1055 3123 1089 3192 et
1108 3119 1292 3211 peculiaria
1313 3121 1386 3194 eins
1408 3123 1569 3216 vulgavit.
1589 3123 1709 3198 Litora
1725 3125 1766 3199 Α.

365 3247 455 3322 hunc
483 3243 632 3320 codicem
660 3242 799 3316 indicat.

520 3363 804 3459 Disquisitionem
832 3361 935 3436 etiam
959 3363 999 3435 de
1023 3366 1134 3436 aetate
1159 3363 1244 3458 regii
1273 3364 1409 3455 notarii,
1436 3366 1765 3444 animadversiones·

365 3514 430 3585 que
450 3488 588 3564 criticas
607 3487 642 3561 in
662 3485 829 3561 vindicias
848 3483 1089 3559 Hartvicianas
1107 3485 1186 3559 huic
1206 3485 1368 3559 uolumini
1389 3487 1584 3580 adiecimus,
1611 3496 1649 3563 ut
1670 3513 1763 3586 mag-

365 3610 514 3686 nanimis
541 3609 706 3684 historiae
734 3607 864 3702 patriae
891 3607 1083 3680 fautoribus
1111 3608 1222 3702 palam
1242 3608 1312 3697 liat,
1343 3610 1446 3702 longo
1477 3615 1609 3685 tantum
1637 3613 1763 3702 studio,

365 3738 400 3808 et
418 3734 535 3809 labore
555 3755 597 3806 en
612 3752 725 3805 amore
741 3729 871 3824 patriae
886 3734 1055 3822 suscepto,
1077 3729 1110 3802 in
1131 3730 1278 3804 eruenda
1294 3729 1436 3804 ueritate
1451 3730 1672 3807 historiarum
1688 3757 1765 3808 nos·

365 3861 494 3930 trarnm
513 3853 724 3948 aliquantum
745 3851 862 3945 profici
882 3873 999 3944 posse;
1021 3874 1084 3925 nec
1102 3875 1161 3926 eos
1181 3851 1237 3945 qni
1259 3857 1376 3926 nistra
1394 3857 1504 3926 aetate
1524 3859 1624 3949 gesta
1642 3861 1676 3929 et
1693 3855 1765 3930 fata

363 3976 478 4074 gentis
497 3976 715 4071 Hungaricae
741 3972 898 4068 populari
918 3995 1074 4047 sermone
1093 3973 1371 4067 conscripserunt
1396 3976 1510 4050 omnia
1535 3978 1763 4071 praestitisse,

364 4123 450 4196 quae
476 4123 496 4174 a
521 4097 605 4174 uiris
633 4095 790 4172 historici
811 4094 946 4168 nomine
966 4118 1042 4168 uere
1062 4095 1177 4189 dignis
1196 4095 1270 4170 iure
1289 4097 1520 4190 requiruntur.
1542 4101 1646 4174 Plura
1675 4100 1766 4174 enirn

363 4225 559 4317 supersunt,
581 4242 666 4316 quoe
685 4221 785 4294 homo
814 4219 966 4292 mercede
986 4221 1117 4291 tantum
1136 4217 1325 4311 proposita,
1347 4221 1398 4293 nel
1418 4220 1584 4314 gloriolae
1604 4221 1763 4316 cupidine

363 4345 405 4420 ad
425 4344 641 4420 scribendum
659 4341 819 4415 inductus
838 4345 1015 4434 praestaro
1036 4362 1206 4433 nunquam
1228 4341 1367 4434 poterit.

520 4464 790 4560 Disquisitiones
825 4463 963 4537 criticae
997 4463 1037 4536 de
1070 4461 1267 4537 auctoribus
1301 4463 1553 4554 Chronicornm,
1583 4487 1766 4559 eorumque

364 4594 475 4665 aetate
495 4593 529 4663 et
548 4588 626 4680 fide,
648 4589 727 4680 post
745 4584 930 4659 editionem
949 4583 1100 4659 omnium
1125 4608 1209 4679 quae
1237 4590 1376 4660 exstant
1403 4584 1505 4660 huius
1524 4586 1673 4680 genneris,
1694 4587 1762 4660 dil-

364 4711 447 4787 ferri
466 4712 601 4802 debent,
623 4732 698 4784 cum
716 4708 757 4782 de
776 4707 920 4783 ueritate
939 4707 1090 4781 locorum
1109 4708 1322 4782 landa-torum
1342 4730 1384 4781 ex
1404 4708 1479 4801 ipso
1499 4714 1661 4782 conuentu
1690 4711 1762 4782 lec-

365 4839 418 4910 tor
445 4832 594 4910 indicare
622 4829 760 4926 poterit.
