<?xml version="1.0" encoding="UTF-8"?>
<!DOCTYPE html PUBLIC "-//W3C//DTD XHTML 1.0 Transitional//EN"
    "http://www.w3.org/TR/xhtml1/DTD/xhtml1-transitional.dtd">
<html xmlns="http://www.w3.org/1999/xhtml" xml:lang="en" lang="en">
 <head>
  <title>
</title>
<meta http-equiv="Content-Type" content="text/html;charset=utf-8" />
  <meta name='ocr-system' content='tesseract 3.04.00' />
  <meta name='ocr-capabilities' content='ocr_page ocr_carea ocr_par ocr_line ocrx_word'/>
</head>
<body>
  <div class='ocr_page' id='page_1' title='image "./chronicahungaro00florgoog_0192.png"; bbox 0 0 3896 5758; ppageno 0'>
   <div class='ocr_carea' id='block_1_1' title="bbox 802 364 1074 485">
    <p class='ocr_par' dir='ltr' id='par_1_1' title="bbox 802 364 1074 485">
     <span class='ocr_line' id='line_1_1' title="bbox 802 364 1074 485; baseline -0.004 -108"><span class='ocrx_word' id='word_1_1' title='bbox 802 364 956 485; x_wconf 40' lang='lat' dir='ltr'>Q</span> <span class='ocrx_word' id='word_1_2' title='bbox 1071 369 1074 376; x_wconf 86' lang='lat'><em>.</em></span> 
     </span>
    </p>
   </div>
   <div class='ocr_carea' id='block_1_2' title="bbox 171 594 1629 4615">
    <p class='ocr_par' dir='ltr' id='par_1_2' title="bbox 176 594 1603 1072">
     <span class='ocr_line' id='line_1_2' title="bbox 179 594 1579 708; baseline 0.002 -30"><span class='ocrx_word' id='word_1_3' title='bbox 179 609 219 678; x_wconf 88' lang='lat' dir='ltr'>et</span> <span class='ocrx_word' id='word_1_4' title='bbox 250 598 442 706; x_wconf 84' lang='lat' dir='ltr'>antiquas</span> <span class='ocrx_word' id='word_1_5' title='bbox 486 598 743 681; x_wconf 85' lang='lat' dir='ltr'>exacciones.</span> <span class='ocrx_word' id='word_1_6' title='bbox 788 599 1049 708; x_wconf 81' lang='lat' dir='ltr'>Quapropter</span> <span class='ocrx_word' id='word_1_7' title='bbox 1079 599 1289 705; x_wconf 85' lang='lat' dir='ltr'>Hungaria</span> <span class='ocrx_word' id='word_1_8' title='bbox 1322 594 1579 708; x_wconf 91' lang='lat' dir='ltr'>quampluri·</span> 
     </span>
     <span class='ocr_line' id='line_1_3' title="bbox 176 721 1603 828; baseline 0.003 -28"><span class='ocrx_word' id='word_1_9' title='bbox 176 749 292 802; x_wconf 91' lang='lat' dir='ltr'>mum</span> <span class='ocrx_word' id='word_1_10' title='bbox 324 721 576 827; x_wconf 89' lang='lat' dir='ltr'>locupletata</span> <span class='ocrx_word' id='word_1_11' title='bbox 608 748 733 828; x_wconf 88' lang='lat' dir='ltr'>super</span> <span class='ocrx_word' id='word_1_12' title='bbox 768 747 912 804; x_wconf 90' lang='lat' dir='ltr'>omnes</span> <span class='ocrx_word' id='word_1_13' title='bbox 955 721 1349 805; x_wconf 89' lang='lat' dir='ltr'>circumadiacentes</span> <span class='ocrx_word' id='word_1_14' title='bbox 1392 723 1603 828; x_wconf 80' lang='lat' dir='ltr'>regiones</span> 
     </span>
     <span class='ocr_line' id='line_1_4' title="bbox 176 837 1580 950; baseline 0.004 -30"><span class='ocrx_word' id='word_1_15' title='bbox 176 857 302 950; x_wconf 76' lang='lat' dir='ltr'>(aput</span> <span class='ocrx_word' id='word_1_16' title='bbox 334 842 485 924; x_wconf 83' lang='lat' dir='ltr'>extulit</span> <span class='ocrx_word' id='word_1_17' title='bbox 515 843 732 925; x_wconf 90' lang='lat' dir='ltr'>uincentes</span> <span class='ocrx_word' id='word_1_18' title='bbox 744 837 773 949; x_wconf 87' lang='lat'>¹)</span> <span class='ocrx_word' id='word_1_19' title='bbox 808 871 876 925; x_wconf 90' lang='lat' dir='ltr'>cas</span> <span class='ocrx_word' id='word_1_20' title='bbox 909 845 1069 926; x_wconf 90' lang='lat' dir='ltr'>diuiciis</span> <span class='ocrx_word' id='word_1_21' title='bbox 1103 858 1144 924; x_wconf 91' lang='lat' dir='ltr'>et</span> <span class='ocrx_word' id='word_1_22' title='bbox 1166 844 1303 948; x_wconf 88' lang='lat' dir='ltr'>gloria.</span> <span class='ocrx_word' id='word_1_23' title='bbox 1322 845 1439 926; x_wconf 87' lang='lat' dir='ltr'>Tunc</span> <span class='ocrx_word' id='word_1_24' title='bbox 1472 845 1512 925; x_wconf 93' lang='lat' dir='ltr'>in</span> <span class='ocrx_word' id='word_1_25' title='bbox 1532 873 1580 926; x_wconf 91' lang='lat' dir='ltr'>ea</span> 
     </span>
     <span class='ocr_line' id='line_1_5' title="bbox 176 965 1365 1072; baseline 0.001 -27"><span class='ocrx_word' id='word_1_26' title='bbox 176 991 381 1072; x_wconf 80' lang='lat' dir='ltr'>pauperes</span> <span class='ocrx_word' id='word_1_27' title='bbox 413 965 787 1072; x_wconf 81' lang='lat' dir='ltr'>locupletabantur,</span> <span class='ocrx_word' id='word_1_28' title='bbox 822 981 862 1045; x_wconf 92' lang='lat' dir='ltr'>et</span> <span class='ocrx_word' id='word_1_29' title='bbox 894 967 1043 1048; x_wconf 88' lang='lat' dir='ltr'>diuites</span> <span class='ocrx_word' id='word_1_30' title='bbox 1075 966 1365 1071; x_wconf 80' lang='lat' dir='ltr'>gloriabantur.</span> 
     </span>
    </p>

    <p class='ocr_par' dir='ltr' id='par_1_3' title="bbox 171 1077 1629 4615">
     <span class='ocr_line' id='line_1_6' title="bbox 333 1077 1579 1195; baseline 0.002 -29"><span class='ocrx_word' id='word_1_31' title='bbox 333 1077 441 1168; x_wconf 82' lang='lat' dir='ltr'>Misit</span> <span class='ocrx_word' id='word_1_32' title='bbox 474 1087 604 1167; x_wconf 91' lang='lat' dir='ltr'>eciam</span> <span class='ocrx_word' id='word_1_33' title='bbox 637 1114 711 1167; x_wconf 83' lang='lat' dir='ltr'>rex</span> <span class='ocrx_word' id='word_1_34' title='bbox 746 1087 1092 1171; x_wconf 87' lang='lat' dir='ltr'>clementissirmrs</span> <span class='ocrx_word' id='word_1_35' title='bbox 1134 1115 1208 1195; x_wconf 89' lang='lat' dir='ltr'>per</span> <span class='ocrx_word' id='word_1_36' title='bbox 1247 1103 1376 1170; x_wconf 92' lang='lat' dir='ltr'>totam</span> <span class='ocrx_word' id='word_1_37' title='bbox 1408 1087 1579 1193; x_wconf 88' lang='lat' dir='ltr'>Hunga·</span> 
     </span>
     <span class='ocr_line' id='line_1_7' title="bbox 174 1208 1579 1316; baseline -0.002 -27"><span class='ocrx_word' id='word_1_38' title='bbox 174 1208 276 1290; x_wconf 88' lang='lat' dir='ltr'>riam</span> <span class='ocrx_word' id='word_1_39' title='bbox 310 1235 522 1316; x_wconf 81' lang='lat' dir='ltr'>precones,</span> <span class='ocrx_word' id='word_1_40' title='bbox 546 1225 592 1290; x_wconf 92' lang='lat' dir='ltr'>ut</span> <span class='ocrx_word' id='word_1_41' title='bbox 623 1209 674 1288; x_wconf 91' lang='lat' dir='ltr'>de</span> <span class='ocrx_word' id='word_1_42' title='bbox 707 1209 877 1314; x_wconf 90' lang='lat' dir='ltr'>singulis</span> <span class='ocrx_word' id='word_1_43' title='bbox 909 1211 1017 1292; x_wconf 91' lang='lat' dir='ltr'>uillis</span> <span class='ocrx_word' id='word_1_44' title='bbox 1051 1225 1298 1292; x_wconf 89' lang='lat' dir='ltr'>uocarentur</span> <span class='ocrx_word' id='word_1_45' title='bbox 1330 1211 1411 1292; x_wconf 89' lang='lat' dir='ltr'>duo</span> <span class='ocrx_word' id='word_1_46' title='bbox 1444 1210 1579 1292; x_wconf 89' lang='lat' dir='ltr'>senio-</span> 
     </span>
     <span class='ocr_line' id='line_1_8' title="bbox 173 1325 1578 1437; baseline -0.001 -27"><span class='ocrx_word' id='word_1_47' title='bbox 173 1357 239 1411; x_wconf 89' lang='lat' dir='ltr'>res</span> <span class='ocrx_word' id='word_1_48' title='bbox 271 1325 508 1412; x_wconf 88' lang='lat' dir='ltr'>facundiam</span> <span class='ocrx_word' id='word_1_49' title='bbox 545 1331 756 1434; x_wconf 88' lang='lat' dir='ltr'>habentes,</span> <span class='ocrx_word' id='word_1_50' title='bbox 790 1333 839 1412; x_wconf 89' lang='lat' dir='ltr'>ad</span> <span class='ocrx_word' id='word_1_51' title='bbox 880 1333 985 1437; x_wconf 89' lang='lat' dir='ltr'>regis</span> <span class='ocrx_word' id='word_1_52' title='bbox 1027 1331 1257 1413; x_wconf 91' lang='lat' dir='ltr'>consilium.</span> <span class='ocrx_word' id='word_1_53' title='bbox 1307 1331 1397 1427; x_wconf 84' lang='lat' dir='ltr'>Quo</span> <span class='ocrx_word' id='word_1_54' title='bbox 1438 1331 1578 1412; x_wconf 89' lang='lat' dir='ltr'>audito</span> 
     </span>
     <span class='ocr_line' id='line_1_9' title="bbox 174 1453 1579 1560; baseline 0.002 -28"><span class='ocrx_word' id='word_1_55' title='bbox 174 1478 257 1533; x_wconf 92' lang='lat' dir='ltr'>non</span> <span class='ocrx_word' id='word_1_56' title='bbox 290 1465 455 1534; x_wconf 77' lang='lat' dir='ltr'>tanturn</span> <span class='ocrx_word' id='word_1_57' title='bbox 485 1453 541 1560; x_wconf 83' lang='lat' dir='ltr'>hy</span> <span class='ocrx_word' id='word_1_58' title='bbox 575 1453 646 1559; x_wconf 92' lang='lat' dir='ltr'>qui</span> <span class='ocrx_word' id='word_1_59' title='bbox 679 1453 814 1533; x_wconf 90' lang='lat' dir='ltr'>uocati</span> <span class='ocrx_word' id='word_1_60' title='bbox 847 1456 1022 1556; x_wconf 88' lang='lat' dir='ltr'>fuerant,</span> <span class='ocrx_word' id='word_1_61' title='bbox 1042 1454 1112 1535; x_wconf 89' lang='lat' dir='ltr'>sed</span> <span class='ocrx_word' id='word_1_62' title='bbox 1148 1455 1279 1535; x_wconf 86' lang='lat' dir='ltr'>eciam</span> <span class='ocrx_word' id='word_1_63' title='bbox 1314 1480 1457 1535; x_wconf 91' lang='lat' dir='ltr'>onmes</span> <span class='ocrx_word' id='word_1_64' title='bbox 1491 1481 1579 1535; x_wconf 89' lang='lat' dir='ltr'>rus·</span> 
     </span>
     <span class='ocr_line' id='line_1_10' title="bbox 174 1573 1578 1682; baseline 0 -28"><span class='ocrx_word' id='word_1_65' title='bbox 174 1573 243 1654; x_wconf 90' lang='lat' dir='ltr'>tici</span> <span class='ocrx_word' id='word_1_66' title='bbox 277 1588 320 1655; x_wconf 94' lang='lat' dir='ltr'>et</span> <span class='ocrx_word' id='word_1_67' title='bbox 351 1575 459 1656; x_wconf 89' lang='lat' dir='ltr'>serui</span> <span class='ocrx_word' id='word_1_68' title='bbox 504 1603 599 1656; x_wconf 92' lang='lat' dir='ltr'>cum</span> <span class='ocrx_word' id='word_1_69' title='bbox 642 1575 837 1657; x_wconf 89' lang='lat' dir='ltr'>uniuersa</span> <span class='ocrx_word' id='word_1_70' title='bbox 879 1576 1001 1682; x_wconf 88' lang='lat' dir='ltr'>plebe</span> <span class='ocrx_word' id='word_1_71' title='bbox 1035 1575 1244 1680; x_wconf 89' lang='lat' dir='ltr'>Hungarie</span> <span class='ocrx_word' id='word_1_72' title='bbox 1289 1588 1496 1657; x_wconf 90' lang='lat' dir='ltr'>uenerunt</span> <span class='ocrx_word' id='word_1_73' title='bbox 1527 1575 1578 1655; x_wconf 92' lang='lat' dir='ltr'>ad</span> 
     </span>
     <span class='ocr_line' id='line_1_11' title="bbox 174 1696 1578 1805; baseline 0.001 -29"><span class='ocrx_word' id='word_1_74' title='bbox 174 1723 313 1802; x_wconf 89' lang='lat' dir='ltr'>regem</span> <span class='ocrx_word' id='word_1_75' title='bbox 333 1698 373 1777; x_wconf 95' lang='lat' dir='ltr'>in</span> <span class='ocrx_word' id='word_1_76' title='bbox 393 1697 557 1778; x_wconf 83' lang='lat' dir='ltr'>Albam.</span> <span class='ocrx_word' id='word_1_77' title='bbox 576 1696 663 1776; x_wconf 84' lang='lat' dir='ltr'>Rex</span> <span class='ocrx_word' id='word_1_78' title='bbox 682 1710 822 1778; x_wconf 88' lang='lat' dir='ltr'>autern</span> <span class='ocrx_word' id='word_1_79' title='bbox 842 1711 882 1777; x_wconf 89' lang='lat' dir='ltr'>et</span> <span class='ocrx_word' id='word_1_80' title='bbox 915 1698 1096 1805; x_wconf 79' lang='lat' dir='ltr'>episcopi</span> <span class='ocrx_word' id='word_1_81' title='bbox 1132 1699 1354 1805; x_wconf 87' lang='lat' dir='ltr'>cunctique</span> <span class='ocrx_word' id='word_1_82' title='bbox 1385 1722 1578 1804; x_wconf 87' lang='lat' dir='ltr'>proceres</span> 
     </span>
     <span class='ocr_line' id='line_1_12' title="bbox 173 1817 1579 1923; baseline -0.001 -24"><span class='ocrx_word' id='word_1_83' title='bbox 173 1817 367 1900; x_wconf 89' lang='lat' dir='ltr'>uidentes</span> <span class='ocrx_word' id='word_1_84' title='bbox 399 1819 644 1901; x_wconf 87' lang='lat' dir='ltr'>immensam</span> <span class='ocrx_word' id='word_1_85' title='bbox 680 1818 1001 1921; x_wconf 81' lang='lat' dir='ltr'>multitudinem,</span> <span class='ocrx_word' id='word_1_86' title='bbox 1034 1821 1272 1923; x_wconf 88' lang='lat' dir='ltr'>timuerunt,</span> <span class='ocrx_word' id='word_1_87' title='bbox 1306 1847 1358 1900; x_wconf 91' lang='lat' dir='ltr'>ne</span> <span class='ocrx_word' id='word_1_88' title='bbox 1390 1819 1493 1900; x_wconf 86' lang='lat' dir='ltr'>forte</span> <span class='ocrx_word' id='word_1_89' title='bbox 1525 1819 1579 1898; x_wconf 92' lang='lat' dir='ltr'>ir·</span> 
     </span>
     <span class='ocr_line' id='line_1_13' title="bbox 175 1941 1577 2023; baseline 0 -3"><span class='ocrx_word' id='word_1_90' title='bbox 175 1957 344 2023; x_wconf 90' lang='lat' dir='ltr'>ruerent</span> <span class='ocrx_word' id='word_1_91' title='bbox 377 1941 415 2020; x_wconf 94' lang='lat' dir='ltr'>in</span> <span class='ocrx_word' id='word_1_92' title='bbox 451 1966 533 2021; x_wconf 91' lang='lat' dir='ltr'>eos.</span> <span class='ocrx_word' id='word_1_93' title='bbox 551 1941 602 2020; x_wconf 80' lang='lat' dir='ltr'>llt</span> <span class='ocrx_word' id='word_1_94' title='bbox 634 1941 831 2023; x_wconf 88' lang='lat' dir='ltr'>intrantes</span> <span class='ocrx_word' id='word_1_95' title='bbox 866 1941 1076 2022; x_wconf 87' lang='lat' dir='ltr'>ciuitatem</span> <span class='ocrx_word' id='word_1_96' title='bbox 1109 1942 1439 2023; x_wconf 87' lang='lat' dir='ltr'>obseruauerunt</span> <span class='ocrx_word' id='word_1_97' title='bbox 1471 1965 1577 2021; x_wconf 88' lang='lat' dir='ltr'>eam.</span> 
     </span>
     <span class='ocr_line' id='line_1_14' title="bbox 174 2063 1579 2171; baseline 0 -28"><span class='ocrx_word' id='word_1_98' title='bbox 174 2063 296 2145; x_wconf 88' lang='lat' dir='ltr'>Plebs</span> <span class='ocrx_word' id='word_1_99' title='bbox 329 2077 467 2144; x_wconf 89' lang='lat' dir='ltr'>autem</span> <span class='ocrx_word' id='word_1_100' title='bbox 503 2063 715 2144; x_wconf 88' lang='lat' dir='ltr'>eonstituit</span> <span class='ocrx_word' id='word_1_101' title='bbox 751 2063 827 2143; x_wconf 91' lang='lat' dir='ltr'>sibi</span> <span class='ocrx_word' id='word_1_102' title='bbox 870 2065 1110 2171; x_wconf 90' lang='lat' dir='ltr'>prepositos,</span> <span class='ocrx_word' id='word_1_103' title='bbox 1146 2063 1297 2170; x_wconf 89' lang='lat' dir='ltr'>quibus</span> <span class='ocrx_word' id='word_1_104' title='bbox 1330 2089 1579 2171; x_wconf 87' lang='lat' dir='ltr'>preparaue·</span> 
     </span>
     <span class='ocr_line' id='line_1_15' title="bbox 172 2184 1580 2292; baseline -0.001 -26"><span class='ocrx_word' id='word_1_105' title='bbox 172 2199 270 2268; x_wconf 91' lang='lat' dir='ltr'>runt</span> <span class='ocrx_word' id='word_1_106' title='bbox 303 2186 518 2266; x_wconf 87' lang='lat' dir='ltr'>orcistrunr</span> <span class='ocrx_word' id='word_1_107' title='bbox 552 2185 602 2266; x_wconf 94' lang='lat' dir='ltr'>de</span> <span class='ocrx_word' id='word_1_108' title='bbox 634 2184 766 2289; x_wconf 86' lang='lat' dir='ltr'>lignis,</span> <span class='ocrx_word' id='word_1_109' title='bbox 800 2186 910 2266; x_wconf 94' lang='lat' dir='ltr'>unde</span> <span class='ocrx_word' id='word_1_110' title='bbox 944 2187 996 2268; x_wconf 93' lang='lat' dir='ltr'>ab</span> <span class='ocrx_word' id='word_1_111' title='bbox 1029 2185 1265 2267; x_wconf 87' lang='lat' dir='ltr'>horninibus</span> <span class='ocrx_word' id='word_1_112' title='bbox 1307 2199 1478 2292; x_wconf 86' lang='lat' dir='ltr'>possent</span> <span class='ocrx_word' id='word_1_113' title='bbox 1518 2184 1580 2266; x_wconf 92' lang='lat' dir='ltr'>ui-</span> 
     </span>
     <span class='ocr_line' id='line_1_16' title="bbox 172 2306 1579 2413; baseline 0 -27"><span class='ocrx_word' id='word_1_114' title='bbox 172 2306 259 2389; x_wconf 92' lang='lat' dir='ltr'>deri</span> <span class='ocrx_word' id='word_1_115' title='bbox 306 2320 348 2387; x_wconf 91' lang='lat' dir='ltr'>et</span> <span class='ocrx_word' id='word_1_116' title='bbox 388 2306 530 2388; x_wconf 90' lang='lat' dir='ltr'>audiri.</span> <span class='ocrx_word' id='word_1_117' title='bbox 573 2307 771 2413; x_wconf 85' lang='lat' dir='ltr'>l’repositi</span> <span class='ocrx_word' id='word_1_118' title='bbox 814 2335 911 2388; x_wconf 83' lang='lat' dir='ltr'>vero</span> <span class='ocrx_word' id='word_1_119' title='bbox 957 2309 1155 2390; x_wconf 87' lang='lat' dir='ltr'>miseruut</span> <span class='ocrx_word' id='word_1_120' title='bbox 1199 2307 1249 2387; x_wconf 92' lang='lat' dir='ltr'>ad</span> <span class='ocrx_word' id='word_1_121' title='bbox 1283 2335 1421 2413; x_wconf 91' lang='lat' dir='ltr'>regem</span> <span class='ocrx_word' id='word_1_122' title='bbox 1455 2321 1496 2387; x_wconf 89' lang='lat' dir='ltr'>et</span> <span class='ocrx_word' id='word_1_123' title='bbox 1527 2306 1579 2387; x_wconf 89' lang='lat' dir='ltr'>ad</span> 
     </span>
     <span class='ocr_line' id='line_1_17' title="bbox 171 2429 1581 2538; baseline 0.001 -29"><span class='ocrx_word' id='word_1_124' title='bbox 171 2455 368 2538; x_wconf 89' lang='lat' dir='ltr'>proceres</span> <span class='ocrx_word' id='word_1_125' title='bbox 408 2429 583 2511; x_wconf 86' lang='lat' dir='ltr'>nuncios</span> <span class='ocrx_word' id='word_1_126' title='bbox 626 2429 831 2538; x_wconf 87' lang='lat' dir='ltr'>dicentes:</span> <span class='ocrx_word' id='word_1_127' title='bbox 874 2431 1055 2512; x_wconf 85' lang='lat' dir='ltr'>concede</span> <span class='ocrx_word' id='word_1_128' title='bbox 1101 2431 1218 2512; x_wconf 87' lang='lat' dir='ltr'>nobis</span> <span class='ocrx_word' id='word_1_129' title='bbox 1260 2429 1381 2512; x_wconf 92' lang='lat' dir='ltr'>ritum</span> <span class='ocrx_word' id='word_1_130' title='bbox 1415 2441 1581 2537; x_wconf 89' lang='lat' dir='ltr'>patrum</span> 
     </span>
     <span class='ocr_line' id='line_1_18' title="bbox 171 2545 1579 2660; baseline 0.001 -28"><span class='ocrx_word' id='word_1_131' title='bbox 171 2567 408 2634; x_wconf 91' lang='lat' dir='ltr'>nostrorum</span> <span class='ocrx_word' id='word_1_132' title='bbox 421 2545 453 2658; x_wconf 88' lang='lat'>²)</span> <span class='ocrx_word' id='word_1_133' title='bbox 487 2551 727 2658; x_wconf 83' lang='lat' dir='ltr'>paganismo</span> <span class='ocrx_word' id='word_1_134' title='bbox 761 2551 915 2654; x_wconf 89' lang='lat' dir='ltr'>uiuere,</span> <span class='ocrx_word' id='word_1_135' title='bbox 950 2552 1166 2659; x_wconf 88' lang='lat' dir='ltr'>episcopos</span> <span class='ocrx_word' id='word_1_136' title='bbox 1199 2552 1393 2660; x_wconf 87' lang='lat' dir='ltr'>lapidare,</span> <span class='ocrx_word' id='word_1_137' title='bbox 1422 2551 1579 2659; x_wconf 88' lang='lat' dir='ltr'>presbi-</span> 
     </span>
     <span class='ocr_line' id='line_1_19' title="bbox 171 2673 1579 2782; baseline -0.001 -27"><span class='ocrx_word' id='word_1_138' title='bbox 171 2687 282 2756; x_wconf 88' lang='lat' dir='ltr'>teros</span> <span class='ocrx_word' id='word_1_139' title='bbox 317 2673 600 2776; x_wconf 82' lang='lat' dir='ltr'>exentherare,</span> <span class='ocrx_word' id='word_1_140' title='bbox 620 2673 789 2754; x_wconf 84' lang='lat' dir='ltr'>clericos</span> <span class='ocrx_word' id='word_1_141' title='bbox 822 2675 1089 2779; x_wconf 75' lang='lat' dir='ltr'>strangulare,</span> <span class='ocrx_word' id='word_1_142' title='bbox 1108 2673 1381 2756; x_wconf 82' lang='lat' dir='ltr'>decimatores</span> <span class='ocrx_word' id='word_1_143' title='bbox 1404 2699 1579 2782; x_wconf 87' lang='lat' dir='ltr'>suspen·</span> 
     </span>
     <span class='ocr_line' id='line_1_20' title="bbox 171 2795 1629 2904; baseline -0.002 -27"><span class='ocrx_word' id='word_1_144' title='bbox 171 2797 284 2900; x_wconf 85' lang='lat' dir='ltr'>dere,</span> <span class='ocrx_word' id='word_1_145' title='bbox 319 2795 513 2877; x_wconf 89' lang='lat' dir='ltr'>ecclesias</span> <span class='ocrx_word' id='word_1_146' title='bbox 546 2795 755 2876; x_wconf 85' lang='lat' dir='ltr'>destruere</span> <span class='ocrx_word' id='word_1_147' title='bbox 790 2823 1013 2903; x_wconf 89' lang='lat' dir='ltr'>campanas</span> <span class='ocrx_word' id='word_1_148' title='bbox 1035 2797 1314 2902; x_wconf 78' lang='lat' dir='ltr'>eontiangere.</span> <span class='ocrx_word' id='word_1_149' title='bbox 1345 2797 1429 2904; x_wconf 84' lang='lat' dir='ltr'>llys</span> <span class='ocrx_word' id='word_1_150' title='bbox 1463 2795 1579 2878; x_wconf 90' lang='lat' dir='ltr'>audi·</span> <span class='ocrx_word' id='word_1_151' title='bbox 1627 2891 1629 2896; x_wconf 68' lang='lat'>,</span> 
     </span>
     <span class='ocr_line' id='line_1_21' title="bbox 172 2916 1580 3025; baseline -0.002 -26"><span class='ocrx_word' id='word_1_152' title='bbox 172 2920 221 3002; x_wconf 89' lang='lat' dir='ltr'>tis</span> <span class='ocrx_word' id='word_1_153' title='bbox 256 2919 520 3000; x_wconf 88' lang='lat' dir='ltr'>contristatus</span> <span class='ocrx_word' id='word_1_154' title='bbox 554 2934 616 2998; x_wconf 89' lang='lat' dir='ltr'>est</span> <span class='ocrx_word' id='word_1_155' title='bbox 658 2946 730 2997; x_wconf 85' lang='lat' dir='ltr'>rex</span> <span class='ocrx_word' id='word_1_156' title='bbox 775 2932 816 2999; x_wconf 91' lang='lat' dir='ltr'>et</span> <span class='ocrx_word' id='word_1_157' title='bbox 854 2919 1001 3025; x_wconf 91' lang='lat' dir='ltr'>petiuit</span> <span class='ocrx_word' id='word_1_158' title='bbox 1042 2918 1229 2999; x_wconf 84' lang='lat' dir='ltr'>inducias</span> <span class='ocrx_word' id='word_1_159' title='bbox 1263 2919 1422 3001; x_wconf 86' lang='lat' dir='ltr'>dierum</span> <span class='ocrx_word' id='word_1_160' title='bbox 1456 2916 1580 2999; x_wconf 89' lang='lat' dir='ltr'>trium</span> 
     </span>
     <span class='ocr_line' id='line_1_22' title="bbox 171 3039 1577 3147; baseline -0.001 -27"><span class='ocrx_word' id='word_1_161' title='bbox 171 3041 224 3121; x_wconf 93' lang='lat' dir='ltr'>ad</span> <span class='ocrx_word' id='word_1_162' title='bbox 258 3040 573 3122; x_wconf 88' lang='lat' dir='ltr'>deliberandum</span> <span class='ocrx_word' id='word_1_163' title='bbox 608 3067 733 3145; x_wconf 90' lang='lat' dir='ltr'>super</span> <span class='ocrx_word' id='word_1_164' title='bbox 765 3041 947 3145; x_wconf 88' lang='lat' dir='ltr'>negocio.</span> <span class='ocrx_word' id='word_1_165' title='bbox 978 3041 1141 3120; x_wconf 79' lang='lat' dir='ltr'>[nterim</span> <span class='ocrx_word' id='word_1_166' title='bbox 1161 3067 1257 3121; x_wconf 84' lang='lat' dir='ltr'>rem</span> <span class='ocrx_word' id='word_1_167' title='bbox 1275 3039 1471 3147; x_wconf 87' lang='lat' dir='ltr'>prepositi</span> <span class='ocrx_word' id='word_1_168' title='bbox 1488 3039 1577 3145; x_wconf 91' lang='lat' dir='ltr'>ple·</span> 
     </span>
     <span class='ocr_line' id='line_1_23' title="bbox 174 3161 1579 3269; baseline -0.001 -28"><span class='ocrx_word' id='word_1_169' title='bbox 174 3164 236 3244; x_wconf 89' lang='lat' dir='ltr'>bis</span> <span class='ocrx_word' id='word_1_170' title='bbox 273 3163 312 3243; x_wconf 93' lang='lat' dir='ltr'>in</span> <span class='ocrx_word' id='word_1_171' title='bbox 348 3162 544 3244; x_wconf 89' lang='lat' dir='ltr'>eminenti</span> <span class='ocrx_word' id='word_1_172' title='bbox 578 3177 774 3268; x_wconf 89' lang='lat' dir='ltr'>suggestu</span> <span class='ocrx_word' id='word_1_173' title='bbox 807 3162 1031 3244; x_wconf 88' lang='lat' dir='ltr'>residentes</span> <span class='ocrx_word' id='word_1_174' title='bbox 1064 3162 1335 3269; x_wconf 87' lang='lat' dir='ltr'>predicabant</span> <span class='ocrx_word' id='word_1_175' title='bbox 1356 3161 1579 3269; x_wconf 90' lang='lat' dir='ltr'>nephanda</span> 
     </span>
     <span class='ocr_line' id='line_1_24' title="bbox 173 3283 1582 3389; baseline -0.001 -25"><span class='ocrx_word' id='word_1_176' title='bbox 173 3285 361 3366; x_wconf 88' lang='lat' dir='ltr'>carmina</span> <span class='ocrx_word' id='word_1_177' title='bbox 402 3297 543 3365; x_wconf 77' lang='lat' dir='ltr'>crrrrtra</span> <span class='ocrx_word' id='word_1_178' title='bbox 590 3284 727 3365; x_wconf 87' lang='lat' dir='ltr'>fidem.</span> <span class='ocrx_word' id='word_1_179' title='bbox 777 3284 896 3366; x_wconf 85' lang='lat' dir='ltr'>Plebs</span> <span class='ocrx_word' id='word_1_180' title='bbox 934 3300 1075 3367; x_wconf 89' lang='lat' dir='ltr'>autem</span> <span class='ocrx_word' id='word_1_181' title='bbox 1116 3297 1201 3365; x_wconf 90' lang='lat' dir='ltr'>tota</span> <span class='ocrx_word' id='word_1_182' title='bbox 1250 3283 1582 3389; x_wconf 89' lang='lat' dir='ltr'>congratulanter</span> 
     </span>
     <span class='ocr_line' id='line_1_25' title="bbox 173 3405 1580 3514; baseline -0.003 -26"><span class='ocrx_word' id='word_1_183' title='bbox 173 3407 424 3488; x_wconf 86' lang='lat' dir='ltr'>affirmabat:</span> <span class='ocrx_word' id='word_1_184' title='bbox 459 3407 540 3487; x_wconf 81' lang='lat' dir='ltr'>liat.</span> <span class='ocrx_word' id='word_1_185' title='bbox 576 3405 679 3488; x_wconf 82' lang='lat' dir='ltr'>Cum</span> <span class='ocrx_word' id='word_1_186' title='bbox 714 3419 852 3486; x_wconf 87' lang='lat' dir='ltr'>autem</span> <span class='ocrx_word' id='word_1_187' title='bbox 888 3408 1014 3487; x_wconf 90' lang='lat' dir='ltr'>tercia</span> <span class='ocrx_word' id='word_1_188' title='bbox 1045 3407 1110 3486; x_wconf 87' lang='lat' dir='ltr'>die</span> <span class='ocrx_word' id='word_1_189' title='bbox 1147 3433 1390 3514; x_wconf 89' lang='lat' dir='ltr'>responsum</span> <span class='ocrx_word' id='word_1_190' title='bbox 1426 3431 1580 3512; x_wconf 84' lang='lat' dir='ltr'>expec-</span> 
     </span>
     <span class='ocr_line' id='line_1_26' title="bbox 173 3527 1581 3636; baseline -0.004 -24"><span class='ocrx_word' id='word_1_191' title='bbox 173 3542 323 3630; x_wconf 86' lang='lat' dir='ltr'>tarent,</span> <span class='ocrx_word' id='word_1_192' title='bbox 357 3527 508 3610; x_wconf 85' lang='lat' dir='ltr'>milites</span> <span class='ocrx_word' id='word_1_193' title='bbox 549 3529 692 3610; x_wconf 82' lang='lat' dir='ltr'>arumti</span> <span class='ocrx_word' id='word_1_194' title='bbox 740 3555 793 3608; x_wconf 85' lang='lat' dir='ltr'>ex</span> <span class='ocrx_word' id='word_1_195' title='bbox 825 3542 1021 3636; x_wconf 85' lang='lat' dir='ltr'>precepto</span> <span class='ocrx_word' id='word_1_196' title='bbox 1063 3528 1168 3633; x_wconf 89' lang='lat' dir='ltr'>regis</span> <span class='ocrx_word' id='word_1_197' title='bbox 1210 3529 1414 3611; x_wconf 90' lang='lat' dir='ltr'>irruerunt</span> <span class='ocrx_word' id='word_1_198' title='bbox 1456 3553 1581 3634; x_wconf 90' lang='lat' dir='ltr'>super</span> 
     </span>
     <span class='ocr_line' id='line_1_27' title="bbox 174 3650 1577 3758; baseline -0.002 -26"><span class='ocrx_word' id='word_1_199' title='bbox 174 3679 271 3753; x_wconf 81' lang='lat' dir='ltr'>eos,</span> <span class='ocrx_word' id='word_1_200' title='bbox 293 3650 455 3758; x_wconf 88' lang='lat' dir='ltr'>aliquos</span> <span class='ocrx_word' id='word_1_201' title='bbox 489 3678 541 3731; x_wconf 81' lang='lat' dir='ltr'>ex</span> <span class='ocrx_word' id='word_1_202' title='bbox 587 3651 644 3730; x_wconf 86' lang='lat' dir='ltr'>eis</span> <span class='ocrx_word' id='word_1_203' title='bbox 688 3651 1054 3751; x_wconf 87' lang='lat' dir='ltr'>obtruncauerunt,</span> <span class='ocrx_word' id='word_1_204' title='bbox 1088 3651 1401 3758; x_wconf 89' lang='lat' dir='ltr'>prepositosque</span> <span class='ocrx_word' id='word_1_205' title='bbox 1436 3675 1577 3731; x_wconf 90' lang='lat' dir='ltr'>eorum</span> 
     </span>
     <span class='ocr_line' id='line_1_28' title="bbox 174 3771 1580 3881; baseline -0.004 -27"><span class='ocrx_word' id='word_1_206' title='bbox 174 3776 230 3856; x_wconf 91' lang='lat' dir='ltr'>ab</span> <span class='ocrx_word' id='word_1_207' title='bbox 263 3773 355 3856; x_wconf 90' lang='lat' dir='ltr'>altis</span> <span class='ocrx_word' id='word_1_208' title='bbox 388 3773 671 3881; x_wconf 88' lang='lat' dir='ltr'>precipitando</span> <span class='ocrx_word' id='word_1_209' title='bbox 714 3774 1007 3871; x_wconf 88' lang='lat' dir='ltr'>contriuerunt,</span> <span class='ocrx_word' id='word_1_210' title='bbox 1045 3774 1223 3880; x_wconf 85' lang='lat' dir='ltr'>reliquos</span> <span class='ocrx_word' id='word_1_211' title='bbox 1256 3795 1394 3855; x_wconf 88' lang='lat' dir='ltr'>autem</span> <span class='ocrx_word' id='word_1_212' title='bbox 1436 3771 1580 3878; x_wconf 83' lang='lat' dir='ltr'>ligatos</span> 
     </span>
     <span class='ocr_line' id='line_1_29' title="bbox 173 3894 1580 4001; baseline -0.002 -25"><span class='ocrx_word' id='word_1_213' title='bbox 173 3896 290 3978; x_wconf 88' lang='lat' dir='ltr'>duris</span> <span class='ocrx_word' id='word_1_214' title='bbox 323 3896 567 3978; x_wconf 88' lang='lat' dir='ltr'>uerberibus</span> <span class='ocrx_word' id='word_1_215' title='bbox 599 3894 924 3998; x_wconf 73' lang='lat' dir='ltr'>flagellauerunt,</span> <span class='ocrx_word' id='word_1_216' title='bbox 963 3909 1004 3976; x_wconf 91' lang='lat' dir='ltr'>et</span> <span class='ocrx_word' id='word_1_217' title='bbox 1044 3895 1101 3976; x_wconf 87' lang='lat' dir='ltr'>sic</span> <span class='ocrx_word' id='word_1_218' title='bbox 1143 3895 1381 3998; x_wconf 81' lang='lat' dir='ltr'>occidcudO,</span> <span class='ocrx_word' id='word_1_219' title='bbox 1416 3894 1580 4001; x_wconf 90' lang='lat' dir='ltr'>ligando</span> 
     </span>
     <span class='ocr_line' id='line_1_30' title="bbox 173 4016 1580 4124; baseline -0.001 -26"><span class='ocrx_word' id='word_1_220' title='bbox 173 4016 422 4124; x_wconf 87' lang='lat' dir='ltr'>flagellando</span> <span class='ocrx_word' id='word_1_221' title='bbox 471 4018 721 4100; x_wconf 87' lang='lat' dir='ltr'>sedicionem</span> <span class='ocrx_word' id='word_1_222' title='bbox 767 4042 908 4099; x_wconf 87' lang='lat' dir='ltr'>eorum</span> <span class='ocrx_word' id='word_1_223' title='bbox 955 4017 1102 4100; x_wconf 86' lang='lat' dir='ltr'>milites</span> <span class='ocrx_word' id='word_1_224' title='bbox 1151 4018 1217 4097; x_wconf 83' lang='lat' dir='ltr'>rix</span> <span class='ocrx_word' id='word_1_225' title='bbox 1269 4018 1580 4100; x_wconf 90' lang='lat' dir='ltr'>edomauerunt.</span> 
     </span>
     <span class='ocr_line' id='line_1_31' title="bbox 175 4138 1580 4248; baseline 0 -28"><span class='ocrx_word' id='word_1_226' title='bbox 175 4141 401 4248; x_wconf 87' lang='lat' dir='ltr'>Postquam</span> <span class='ocrx_word' id='word_1_227' title='bbox 436 4141 544 4221; x_wconf 89' lang='lat' dir='ltr'>euim</span> <span class='ocrx_word' id='word_1_228' title='bbox 580 4153 748 4220; x_wconf 81' lang='lat' dir='ltr'>sanctus</span> <span class='ocrx_word' id='word_1_229' title='bbox 791 4167 863 4219; x_wconf 85' lang='lat' dir='ltr'>rex</span> <span class='ocrx_word' id='word_1_230' title='bbox 897 4139 1132 4246; x_wconf 78' lang='lat' dir='ltr'>Stephanus</span> <span class='ocrx_word' id='word_1_231' title='bbox 1172 4140 1375 4221; x_wconf 82' lang='lat' dir='ltr'>conuertit</span> <span class='ocrx_word' id='word_1_232' title='bbox 1411 4138 1580 4243; x_wconf 83' lang='lat' dir='ltr'>Hungu-</span> 
     </span>
     <span class='ocr_line' id='line_1_32' title="bbox 175 4259 1579 4368; baseline -0.003 -25"><span class='ocrx_word' id='word_1_233' title='bbox 175 4263 278 4344; x_wconf 84' lang='lat' dir='ltr'>riam</span> <span class='ocrx_word' id='word_1_234' title='bbox 312 4262 363 4344; x_wconf 90' lang='lat' dir='ltr'>ad</span> <span class='ocrx_word' id='word_1_235' title='bbox 398 4263 618 4364; x_wconf 75' lang='lat' dir='ltr'>Christum,</span> <span class='ocrx_word' id='word_1_236' title='bbox 652 4262 714 4344; x_wconf 89' lang='lat' dir='ltr'>bis</span> <span class='ocrx_word' id='word_1_237' title='bbox 748 4261 798 4341; x_wconf 90' lang='lat' dir='ltr'>ad</span> <span class='ocrx_word' id='word_1_238' title='bbox 832 4263 1119 4368; x_wconf 86' lang='lat' dir='ltr'>paganismum</span> <span class='ocrx_word' id='word_1_239' title='bbox 1164 4290 1284 4344; x_wconf 87' lang='lat' dir='ltr'>uersa</span> <span class='ocrx_word' id='word_1_240' title='bbox 1321 4277 1394 4342; x_wconf 87' lang='lat' dir='ltr'>est.</span> <span class='ocrx_word' id='word_1_241' title='bbox 1443 4259 1579 4340; x_wconf 76' lang='lat' dir='ltr'>Senrel</span> 
     </span>
     <span class='ocr_line' id='line_1_33' title="bbox 174 4381 1578 4492; baseline -0.004 -26"><span class='ocrx_word' id='word_1_242' title='bbox 174 4399 365 4492; x_wconf 86' lang='lat' dir='ltr'>tempore</span> <span class='ocrx_word' id='word_1_243' title='bbox 396 4384 502 4490; x_wconf 90' lang='lat' dir='ltr'>regis</span> <span class='ocrx_word' id='word_1_244' title='bbox 536 4381 748 4469; x_wconf 84' lang='lat' dir='ltr'>llendree:</span> <span class='ocrx_word' id='word_1_245' title='bbox 782 4385 965 4464; x_wconf 85' lang='lat' dir='ltr'>secundo</span> <span class='ocrx_word' id='word_1_246' title='bbox 999 4400 1184 4490; x_wconf 86' lang='lat' dir='ltr'>tempore</span> <span class='ocrx_word' id='word_1_247' title='bbox 1216 4382 1578 4484; x_wconf 82' lang='lat' dir='ltr'>1·egisllole,sicnt</span> 
     </span>
     <span class='ocr_line' id='line_1_34' title="bbox 174 4507 629 4615; baseline -0.004 -27"><span class='ocrx_word' id='word_1_248' title='bbox 174 4535 290 4589; x_wconf 85' lang='lat' dir='ltr'>nunc</span> <span class='ocrx_word' id='word_1_249' title='bbox 323 4507 522 4615; x_wconf 88' lang='lat' dir='ltr'>seriptum</span> <span class='ocrx_word' id='word_1_250' title='bbox 557 4519 629 4588; x_wconf 90' lang='lat' dir='ltr'>est.</span> 
     </span>
    </p>
   </div>
   <div class='ocr_carea' id='block_1_3' title="bbox 285 4775 1043 4878">
    <p class='ocr_par' dir='ltr' id='par_1_4' title="bbox 285 4775 1043 4878">
     <span class='ocr_line' id='line_1_35' title="bbox 285 4775 1043 4878; baseline -0.004 -21"><span class='ocrx_word' id='word_1_251' title='bbox 285 4785 312 4878; x_wconf 86' lang='lat'>¹)</span> <span class='ocrx_word' id='word_1_252' title='bbox 342 4783 391 4857; x_wconf 89' lang='lat' dir='ltr'>sio</span> <span class='ocrx_word' id='word_1_253' title='bbox 419 4806 501 4877; x_wconf 89' lang='lat' dir='ltr'>pro:</span> <span class='ocrx_word' id='word_1_254' title='bbox 530 4781 679 4854; x_wconf 77' lang='lat' dir='ltr'>viriacus</span> <span class='ocrx_word' id='word_1_255' title='bbox 710 4775 737 4873; x_wconf 77' lang='lat'>⁹)</span> <span class='ocrx_word' id='word_1_256' title='bbox 766 4805 868 4856; x_wconf 90' lang='lat' dir='ltr'>more.</span> <span class='ocrx_word' id='word_1_257' title='bbox 899 4781 975 4854; x_wconf 86' lang='lat' dir='ltr'>add.</span> <span class='ocrx_word' id='word_1_258' title='bbox 1004 4781 1043 4854; x_wconf 84' lang='lat' dir='ltr'>T.</span> 
     </span>
    </p>
   </div>
   <div class='ocr_carea' id='block_1_4' title="bbox 0 0 1952 5758">
    <p class='ocr_par' dir='ltr' id='par_1_5' title="bbox 0 0 1952 5758">
     <span class='ocr_line' id='line_1_36' title="bbox 0 0 1952 5758; baseline 0 0"><span class='ocrx_word' id='word_1_259' title='bbox 0 0 1952 5758; x_wconf 95' lang='lat' dir='ltr'> </span> 
     </span>
    </p>
   </div>
  </div>
 </body>
</html>
