3896 5758
1062 457 1125 546 rso

720 812 764 897 L.
796 809 866 894 ne
893 833 1010 918 rege
1034 809 1473 912 'l'beutontooruw

548 1053 608 1136 Eo
640 1068 826 1165 tempore
858 1059 1160 1144 teutonicorum
1195 1086 1269 1141 rex
1302 1085 1398 1140 curn
1431 1083 1581 1164 magno
1614 1054 1802 1138 exercitu

394 1175 557 1258 obsedit
587 1191 768 1261 castrum
801 1179 947 1285 Poson,
979 1182 1126 1266 nolens
1157 1181 1347 1263 iniuriam
1380 1180 1488 1261 Petri
1518 1178 1747 1282 uindicare,
1764 1191 1802 1260 et

395 1295 652 1405 Hnugariam
684 1327 760 1384 suo
793 1301 975 1386 dominio
992 1304 1225 1412 subiugare.
1257 1302 1454 1385 Extruxit
1485 1315 1625 1384 autem
1649 1299 1801 1383 multas

394 1419 607 1540 machinas
639 1421 809 1506 bellicas
841 1426 893 1507 ad
926 1425 1197 1534 pugnandum
1210 1421 1239 1532 ¹)
1272 1438 1466 1525 castrum,
1510 1438 1552 1505 et
1592 1450 1668 1531 per
1709 1434 1801 1504 octo

394 1540 647 1626 ebdomadas
679 1545 908 1629 obsidendo
939 1547 1064 1630 nichil
1097 1546 1282 1656 profecit.
1294 1545 1476 1628 Venerat
1493 1546 1604 1627 enim
1639 1543 1802 1652 predic·

394 1677 461 1745 tus
493 1690 568 1746 rex
600 1667 765 1774 nauigio
797 1669 848 1749 ad
882 1669 1156 1752 obsidendum
1191 1683 1374 1752 castrum
1391 1668 1536 1751 Poson.
1558 1667 1677 1750 Tunc
1695 1666 1803 1749 hun·

394 1785 479 1892 gari
508 1786 652 1894 quiin
687 1802 819 1873 castro
853 1804 969 1875 erant
1000 1790 1590 1900 natatoriaprudentissimum
1627 1789 1804 1871 inuene-

394 1921 492 1990 runt
521 1909 732 1993 hominem
765 1914 933 1994 nomine
964 1913 1211 2015 Zotlnnund,
1244 1940 1371 2021 quem
1399 1912 1531 1996 noctis
1562 1912 1606 1992 in
1638 1910 1803 1994 silentio

394 2030 448 2112 ad
478 2057 609 2115 naues
642 2032 898 2142 imperatoris
930 2037 1143 2138 miseruut,
1163 2036 1236 2143 qni
1267 2036 1345 2118 sub
1378 2061 1489 2142 aqua
1521 2033 1694 2116 veniens
1713 2059 1804 2114 om·

395 2179 469 2234 nes
500 2179 630 2240 naues
662 2157 896 2264 perlbrauit,
941 2185 1022 2267 qne
1065 2158 1202 2242 subito
1243 2183 1353 2264 aqua
1393 2157 1517 2265 plene
1547 2158 1656 2237 facte
1689 2170 1802 2255 suut,

395 2291 437 2356 et
469 2277 660 2382 potencia
706 2280 1008 2363 teutonicorum
1057 2279 1230 2361 contrita
1271 2295 1344 2382 est,
1389 2294 1431 2360 et
1461 2280 1521 2362 sic
1562 2276 1804 2378 effeminati,

396 2397 666 2507 eneruatique
714 2401 870 2485 viribus
918 2402 1070 2486 reuersi
1118 2415 1216 2486 sunt
1257 2399 1310 2483 ad
1341 2401 1518 2509 propria.
1552 2399 1647 2507 (62)
1681 2397 1806 2482 Multi

396 2519 506 2601 euim
540 2520 690 2604 milites
722 2536 839 2605 erant
872 2525 910 2606 iu
945 2525 1090 2627 Poson,
1124 2525 1198 2607 sed
1230 2523 1419 2632 precipui
1451 2534 1568 2603 erant
1598 2522 1805 2604 intereos

396 2640 610 2750 woytech,
643 2641 792 2748 Endre,
825 2645 1079 2756 Vylnupard,
1114 2645 1243 2729 Vrosa
1275 2659 1317 2726 et
1356 2643 1566 2747 Martinus,
1610 2643 1679 2751 qni
1716 2660 1806 2725 cot·

395 2763 494 2844 tidie
526 2790 621 2846 cum
655 2768 874 2852 teutonicis
906 2768 1161 2853 dimicabant
1192 2768 1349 2850 acriter.

552 2884 752 2995 Sequenti
784 2918 882 2973 vero
914 2917 1023 2974 anno
1057 2891 1184 2974 Cesar
1214 2918 1312 2973 cum
1348 2913 1499 2996 magna
1530 2887 1803 2972 multitudine

397 3006 643 3092 bellatorum
676 3013 730 3094 ob
763 3013 931 3098 easdem
964 3039 1110 3097 causas
1151 3010 1268 3095 uenit
1308 3011 1352 3093 in
1383 3009 1638 3117 Hnugariam
1679 3009 1805 3092 iuxta

396 3131 532 3214 tontes
565 3130 748 3216 riuornm
779 3135 876 3218 Zala
907 3150 949 3218 et
979 3136 1126 3218 Zelice.
1144 3133 1223 3217 Sed
1244 3147 1285 3216 et
1300 3159 1430 3218 naues
1462 3132 1665 3217 nictuales
1699 3157 1804 3214 one-

395 3266 504 3336 ratas
537 3280 612 3360 per
643 3253 883 3342 Danubium
920 3258 1030 3342 misit
1067 3259 1110 3340 iu
1144 3257 1408 3364 Hungariam‚
1442 3256 1699 3365 prefecitque
1741 3253 1804 3338 eis

396 3375 640 3484 episcopum
675 3379 857 3462 Gebarth
889 3381 1068 3463 fratrem.
1082 3375 1114 3488 ²)
1133 3380 1219 3489 Hys
1252 3378 1402 3462 auditis
1430 3377 1617 3462 Andreas
1649 3403 1726 3460 rex
1761 3391 1806 3458 et

396 3496 483 3580 dux
516 3498 617 3580 Bela
649 3525 793 3585 omnes
824 3529 996 3586 aceruos
1029 3519 1215 3610 segetum
1251 3516 1293 3582 et
1323 3501 1443 3584 tirsos
1460 3501 1681 3583 herbarum
1703 3497 1804 3604 igne

397 3620 738 3726 combusserunt,
783 3624 1116 3732 habitatoresque
1160 3652 1256 3706 cum
1299 3623 1505 3706 uniuersis
1549 3619 1806 3704 animalibus

397 3767 539 3824 eorum
573 3743 625 3824 de
670 3746 854 3854 partibus
895 3746 973 3830 illis
1017 3775 1092 3856 per
1132 3774 1235 3855 quas
1267 3744 1393 3828 Cesar
1435 3758 1524 3828 erat
1553 3741 1805 3826 transiturus

398 3862 540 3973 procul
573 3865 851 3952 abduxerunt.
873 3870 1064 3978 Cumque
1082 3869 1208 3953 Cesar
1239 3868 1431 3951 intrasset
1461 3867 1514 3948 ad
1530 3863 1804 3972 Hungariam‚

398 3999 440 4068 et
471 3986 656 4070 uenisset
697 3990 739 4072 in
779 3991 966 4098 regiones
1009 3994 1251 4092 conbustas;
1293 4013 1430 4100 neque
1472 3987 1671 4072 militibus
1711 3987 1805 4072 suis

396 4108 584 4192 inuenire
617 4113 752 4219 potuit
785 4114 989 4217 nictualia‚
1021 4142 1099 4197 nec
1130 4114 1270 4224 eqnis3
1304 4127 1345 4194 et
1376 4112 1589 4195 nesciebat
1619 4107 1693 4193 nbi
1724 4135 1805 4192 na-

398 4258 473 4316 ues
506 4229 594 4316 eins
627 4249 777 4340 esseut,
808 4237 1056 4345 nullumque
1088 4235 1320 4319 subsidium
1354 4263 1408 4314 ex
1441 4234 1499 4316 eis
1532 4245 1694 4342 poterat
1724 4231 1804 4314 ha·

398 4357 509 4438 bere.
552 4355 771 4442 Transiens
814 4370 952 4441 autern
995 4358 1140 4462 siluas,
1174 4354 1544 4468 'appropinquanit
1587 4353 1805 4437 montibus

398 4475 599 4582 Bodohot‚
639 4480 825 4564 omnium
873 4481 1116 4564 uictualium
1163 4479 1337 4590 penuria
1385 4478 1590 4561 laborans.
1637 4477 1806 4558 interea

397 4611 538 4683 autem
570 4602 752 4688 Gebartb
789 4602 1009 4712 episcopus
1049 4603 1165 4688 uenit
1206 4603 1247 4684 in
1280 4599 1522 4702 Geminum,
1556 4611 1598 4682 et
1632 4597 1805 4681 mittens

399 4791 605 4802 ——-——-.-

511 4885 536 4974 ')
564 4881 841 4978 oppugnandum.
873 4887 900 4974 ¹)
930 4901 1028 4957 sunm
1055 4880 1132 4954 add.
1162 4879 1201 4954 Τ.

502 4982 535 5086 l)
563 4985 614 5060 De
643 4984 746 5060 tertio
774 4986 924 5062 aduentu
952 4984 1181 5080 inperatoris
1211 4981 1254 5057 A.
