3898 5752
792 452 946 570 pan

324 683 512 778 Postqnam
539 688 653 759 autem
680 680 874 778 prouinciae
904 703 1020 754 onnnnes
1047 703 1247 775 graecorum
1275 681 1317 756 nd
1337 681 1571 758 Damnabiuma

170 806 302 881 Sardis
331 809 365 880 et
393 805 556 902 Bulgaris
584 811 766 899 oecuupntaa
796 801 955 892 fuissent,
984 803 1162 876 Emericus
1183 803 1382 898 Hungariae
1412 827 1471 879 rex
1492 805 1572 880 Ser·

172 927 260 1002 niem
289 932 324 1002 et
351 931 468 1022 partes
495 927 678 1021 Bulgariae
708 925 803 1020 prius
831 947 851 998 a
877 924 1010 1019 graecis
1038 921 1175 998 habitas
1222 924 1256 997 in
1286 947 1381 999 suam
1418 905 1572 1020 potesta·

171 1053 238 1124 tem
267 1048 402 1144 redegit
431 1071 538 1143 usque
565 1049 606 1122 ad
637 1070 741 1142 supra
761 1051 966 1122 memoratas
985 1050 1104 1140 portas
1124 1046 1158 1120 S.
1176 1045 1309 1121 Basilii.
1331 1047 1452 1122 Testes
1470 1048 1573 1123 huius

170 1171 219 1245 rei
248 1171 372 1245 literae
400 1169 595 1246 innocentii
623 1170 681 1246 lll
709 1169 749 1242 ad
779 1167 980 1258 Emerieum
1011 1174 1045 1241 et
1073 1167 1257 1262 Bulgariae
1285 1167 1378 1262 regis
1397 1169 1440 1243 ad
1459 1169 1573 1264 ponti·

170 1293 279 1369 licem.
310 1291 424 1386 „Regi
451 1292 706 1386 Hungarornm.
736 1289 845 1385 Quum
873 1288 973 1363 nobis
1000 1313 1062 1383 per
1089 1289 1251 1364 dilectum
1286 1289 1395 1364 filium
1422 1291 1465 1364 N.
1486 1313 1572 1380 nun·

170 1415 260 1490 ciurn
288 1437 388 1490 suum
415 1413 610 1488 intimasset
638 1413 834 1488 sollicitudo
864 1411 1002 1508 regalis,
1024 1412 1114 1504 quod
1142 1418 1268 1485 terram
1296 1412 1512 1506 megaiupaui
1531 1415 1573 1486 ad

170 1561 269 1613 suum
296 1535 483 1611 dominium
510 1539 716 1623 revocasset,
745 1533 856 1629 gavisi
886 1555 1003 1609 sunaus
1031 1532 1067 1606 in
1096 1533 1275 1641 Dominof‘
1312 1534 1421 1610 1202.
1460 1534 1495 1608 0.
1531 1535 1572 1608 D.

169 1661 219 1734 Il.
248 1661 338 1734 390.
372 1656 544 1751 „Tandem
571 1656 850 1751 praevalentibus
878 1654 1013 1760 graecis
1032 1654 1167 1750 bulgari
1194 1655 1415 1748 perdiderunt
1445 1655 1574 1750 regiam

169 1780 393 1877 dignitatem3
424 1777 504 1871 anin
534 1777 601 1852 imo
629 1776 797 1871 compulsi
825 1785 906 1850 suant
933 1776 1029 1872 graui
1059 1777 1120 1850 sub
1150 1775 1230 1871 iugo
1259 1776 1458 1872 imperatori
1486 1778 1572 1852 tlon·

168 1899 477 1996 stantinopolitano
507 1899 652 1988 servira;
683 1901 789 1975 donec
817 1898 1002 1974 norissima
1031 1901 1096 1974 duo
1122 1900 1247 1974 iratres
1267 1901 1392 1974 Petrns
1412 1899 1572 1975 videlicet

170 2029 204 2100 et
231 2023 431 2101 loannitius
460 2027 587 2096 terram
615 2025 750 2116 patrum
780 2045 918 2097 sanorum
945 2045 1012 2095 non
1043 2027 1112 2095 tarn
1140 2043 1316 2115 occupare,
1348 2045 1449 2116 qumu
1477 2045 1571 2098 reuc-

170 2169 295 2242 cupare
324 2147 523 2240 coeperunt.
552 2144 603 2217 Tu
632 2149 815 2238 postquam
835 2144 1042 2238 expugnasti
1064 2143 1228 2232 Serviano,
1251 2149 1363 2218 amoto
1385 2145 1571 2239 Stephano,

170 2275 203 2345 at
232 2269 340 2344 Vulco
369 2267 560 2342 substituto
589 2266 624 2340 in
653 2268 764 2341 locum
794 2266 916 2360 ipsius,
939 2289 999 2360 per
1020 2272 1097 2340 tuos
1118 2266 1261 2340 nurncius
1281 2259 1462 2357 intimasti,
1483 2269 1571 2360 quod

170 2389 421 2467 terramillam
463 2390 503 2462 ud
543 2388 770 2462 obedientiam
807 2388 969 2464 ecclesiae
1006 2411 1164 2462 romanae
1202 2388 1362 2463 reducere
1397 2389 1572 2482 cupiebam,

170 2521 203 2590 et
231 2515 326 2589 salvo
355 2511 390 2586 iu
420 2510 666 2606 temporalibus
695 2511 768 2586 iuro
799 2516 856 2586 tuo
885 2511 1132 2606 aeqruanimiter
1161 2510 1362 2598 sustinebis
1393 2515 1431 2584 ut
1459 2511 1573 2586 dictus

170 2638 297 2713 Vulnus
324 2634 476 2730 regalem
504 2632 694 2726 susciperet
723 2635 764 2706 ab
793 2633 982 2728 apostolica
1009 2634 1088 2706 sede
1117 2636 1311 2706 coronem.“
1338 2637 1451 2708 1204.
1473 2634 1508 2707 C.
1529 2634 1571 2707 D.

170 2759 217 2836 ΙΙ.
247 2759 336 2832 438.
366 2757 410 2831 m
439 2754 662 2831 Johannitius
690 2755 732 2828 ad
760 2755 982 2857 pontificem:
1017 2754 1135 2849 „Sciat
1163 2759 1276 2830 autern
1305 2754 1471 2830 sanctitas
1503 2758 1573 2829 tua.

169 2878 330 2975 quoniam
358 2879 552 2972 quinquo
588 2876 873 2972 episcopatus
910 2877 1094 2972 Bulgariae
1123 2877 1299 2970 pertinent
1326 2879 1367 2950 ad
1397 2876 1575 2971 imperium

168 3025 292 3092 meum,
324 3023 408 3095 quos
438 2999 564 3074 inuasit
595 3003 628 3072 ot
656 2997 844 3074 detinet
873 3023 933 3074 rex
963 2999 1133 3094 lugariac
1157 3023 1231 3072 cnm
1253 2998 1397 3073 iustitiis
1417 2998 1573 3072 ecclesia·

169 3125 279 3199 rum.“
312 3124 429 3196 Baluu.
459 3121 566 3197 Gesta
594 3122 712 3196 Innoc.
742 3145 775 3215 p.
807 3125 867 3196 34.
1127 3099 1137 3119 ⁵

326 3245 377 3318 Ex
405 3243 460 3318 his
489 3266 633 3338 pronum
661 3249 713 3316 est
741 3245 952 3332 concludere,
984 3243 1111 3318 limites
1142 3243 1237 3337 regni
1269 3243 1465 3338 Hungauiae
1499 3267 1570 3338 „ox

169 3371 299 3464 parto
326 3389 578 3461 graccorum
604 3388 709 3459 usquo
737 3367 778 3439 ad
807 3372 942 3460 portam
970 3365 1102 3440 Wacil“
1136 3367 1319 3460 productos
1338 3363 1470 3440 ultimis
1499 3370 1573 3440 tan·

170 3497 242 3565 tum
269 3487 417 3564 Emerici
446 3487 539 3583 regis
567 3487 667 3562 anuis
698 3491 787 3561 recte
816 3488 898 3562 dicti
933 3487 1099 3582 potuisse.
1145 3488 1229 3561 Post
1266 3492 1400 3582 captam
1438 3487 1574 3562 anima

170 3611 305 3688 Latinis
332 3610 443 3706 pridie
487 3611 563 3685 idus
591 3610 725 3704 Aprilis
771 3611 868 3684 1204
906 3609 1254 3703 constantinopolim,
1284 3609 1396 3701 praeci
1439 3608 1575 3684 finitimi

170 3733 349 3828 Huugaris
378 3755 453 3806 essa
481 3731 668 3806 desierunt.

724 3942 756 4016 u
783 3939 1020 4037 diplomatica.

333 4121 363 4189 1.
393 4115 591 4212 dnonyunus
620 4118 660 4189 B.
691 4116 782 4210 regis
812 4115 967 4190 notarius
996 4112 1112 4189 comiti
1134 4116 1220 4189 Burs
1241 4115 1409 4208 degenero
1428 4114 1577 4191 Miskdou

170 4239 430 4335 gratificaturus
458 4237 597 4313 scribit:
632 4236 708 4326 „Ibi
737 4238 839 4313 etiarn
872 4239 941 4310 dux
979 4235 1073 4311 dedit
1102 4237 1303 4330 anagn-ner.
1345 4235 1437 4330 patri
1465 4240 1577 4312 Borsu

171 4367 299 4437 terram
325 4383 530 4454 magnama
567 4359 672 4434 fluuio
700 4361 904 4454 Topolucea,
935 4381 1042 4453 usquc
1083 4358 1125 4430 ad
1168 4357 1307 4432 fluuium
1336 4361 1483 4454 Souyom
1513 4381 1577 4453 quo

172 4507 261 4560 nunc
289 4485 431 4558 uocatur
459 4481 650 4577 lliscoucy;
681 4487 714 4555 et
743 4482 836 4556 dedit
865 4481 896 4556 ei
925 4481 1285 4570 nostrumdabam
1314 4479 1399 4554 illud
1427 4484 1577 4554 castrum

173 4607 265 4682 filius
294 4627 376 4680 suus
404 4606 515 4680 Borsu
544 4627 620 4678 cum
648 4627 709 4678 suo
741 4609 854 4678 castro
885 4603 971 4697 quod
1002 4600 1129 4676 dicitur
1148 4603 1260 4675 Borsu
1280 4624 1383 4675 unum
1412 4601 1493 4676 iecit
1521 4625 1577 4676 co·

175 4726 366 4804 mitatum.“
398 4729 537 4802 XXXI.

332 4849 450 4924 Comes
479 4851 568 4924 Bors
597 4853 764 4944 cognatus
794 4853 867 4922 erat
896 4847 987 4942 regis
1015 4846 1172 4920 Andreae
1214 4847 1268 4920 Il:
1315 4847 1425 4932 „Burs
1466 4869 1578 4920 eomes

174 4971 344 5050 Dominici
374 4971 460 5045 Bani
491 4971 583 5046 tilius
614 4976 770 5044 noster
799 4974 1018 5065 cognatus,
1048 4971 1081 5041 et
1101 4965 1136 5040 in
1157 4967 1316 5042 omnibus
1336 4989 1471 5062 sempor
1490 4967 1573 5044 lida·
