3896 5758
1022 515 1177 646 aa„

552 761 713 845 Interea
744 761 982 870 imperatrix
1016 762 1460 870 constantinopolitana
1490 763 1574 844 filia
1600 765 1706 870 regis
1723 764 1793 846 La·

396 886 512 968 dizlai
555 887 723 968 nomine
760 885 902 994 Pyrish
953 884 1168 966 nunciauit
1207 885 1290 990 regi
1335 882 1587 992 Stephano¹)
1631 887 1794 972 dicens:

395 1035 532 1115 regem
577 1007 787 1114 Hungarie
832 1033 921 1089 esse
963 1007 1174 1087 hominem
1207 1033 1342 1106 suurn,
1387 1034 1511 1114 quam
1547 1008 1671 1089 etiam
1705 1037 1796 1092 oon·

396 1131 665 1213 tradicentem
698 1130 921 1237 imperator
953 1127 1181 1234 castigauit.
1214 1126 1319 1209 Cum
1353 1142 1494 1210 autem
1523 1130 1601 1211 hoc
1619 1131 1796 1214 audisset

395 1280 482 1356 rex,
515 1278 589 1362 pro
622 1252 750 1333 nimia
796 1251 1007 1359 reputauit
1052 1249 1211 1352 iniuria,
1255 1264 1297 1331 et
1328 1250 1501 1331 collecto
1543 1253 1796 1335 exercituin

395 1377 556 1484 impetu
588 1373 754 1483 spiritus
787 1373 850 1455 sui
883 1371 1036 1454 inuasit
1067 1385 1203 1479 partes
1236 1367 1436 1478 Grecie,²)
1470 1388 1596 1480 atque
1629 1376 1729 1458 alias
1746 1377 1796 1456 ci·

395 1499 545 1580 uitates
578 1496 723 1578 Grecie
757 1495 851 1600 igne
884 1507 925 1574 et
957 1493 1091 1599 gladio
1133 1494 1379 1598 deuastauit,
1420 1508 1461 1575 et
1502 1496 1651 1577 cecidit
1683 1499 1799 1578 timor

395 1647 521 1728 super
552 1611 738 1724 omnesl)
772 1616 960 1698 ciuitates
992 1615 1205 1722 prouineie
1237 1614 1359 1697 illius.
1392 1616 1797 1725 Timebantqueom·

393 1769 468 1824 nes
499 1767 617 1848 reges
635 1739 892 1846 Stephanum
912 1763 1062 1842 regem,
1083 1751 1300 1844 tamquam
1326 1739 1456 1819 ictum
1473 1739 1672 1841 fulminis,
1689 1743 1796 1822 unde

393 1864 570 1946 infantes
617 1861 831 1967 uagientes
874 1859 1194 1941 comminatione
1234 1859 1413 1942 nominis
1453 1863 1559 1967 regis
1602 1860 1795 1970 Stephani

394 1986 607 2096 quiescere
641 1976 1039 2091 conpellebantnr.⁴)
1073 1980 1350 2087 Habebatque
1366 2008 1440 2063 rex
1467 2010 1611 2065 secum
1645 1987 1796 2092 septin-

393 2121 537 2215 gentos
569 2106 720 2189 milites
752 2105 943 2204 Francos,
992 2129 1123 2210 quum
1157 2102 1309 2210 quibus
1341 2103 1576 2210 Balgarimn
1610 2105 1797 2190 deuasta-

393 2233 475 2334 bat,
510 2243 551 2312 et
583 2256 657 2337 per
689 2252 831 2308 eornm
874 2225 1039 2330 ingenia
1081 2249 1221 2306 muros
1271 2240 1497 2308 castrorum
1547 2227 1694 2312 Grecie
1731 2230 1798 2311 de·

392 2354 589 2438 struebat.
621 2350 681 2431 Ea
713 2350 765 2431 de
797 2374 933 2450 cansa,
968 2346 1077 2454 quod
1111 2347 1334 2455 imperator
1365 2349 1415 2429 ad
1450 2349 1688 2433 conflictum
1719 2379 1797 2433 non

392 2475 590 2557 ueniebat
628 2473 678 2553 ad
725 2471 874 2578 ipsum,
923 2469 1034 2552 misit
1065 2495 1141 2548 rex
1172 2468 1373 2551 nuncium
1417 2472 1470 2552 ad
1509 2472 1797 2580 imperatorem

393 2597 632 2697 Grecorum,
674 2607 716 2673 et
756 2593 1011 2699 uituperauit
1058 2617 1152 2672 eum
1203 2590 1369 2674 dicens:
1418 2591 1537 2688 Quod
1577 2621 1660 2676 non
1695 2611 1800 2680 esset

394 2719 542 2825 dignus
573 2715 713 2799 uocari
746 2714 968 2822 imperator
1009 2739 1147 2819 neque
1189 2739 1276 2814 rex,
1320 2714 1391 2796 sed
1436 2742 1540 2798 anus
1577 2732 1618 2797 et
1649 2720 1798 2818 vetula,

393 2841 490 2949 quia
521 2839 628 2923 sicut
660 2838 800 2920 vetula
832 2863 997 2945 semper
1028 2849 1091 2916 est
1122 2835 1161 2914 in
1197 2835 1298 2916 ocio.
1332 2835 1423 2932 Quo
1456 2839 1597 2920 audito
1630 2867 1797 2948 respon·

392 2963 451 3045 dit
482 2963 705 3070 imperator
744 2958 907 3041 dicens:
950 2957 1236 3038 Indubitanter
1278 2957 1418 3039 credat
1449 2986 1536 3063 rex,
1580 2963 1692 3068 quod
1724 2991 1795 3047 sua

391 3086 432 3166 in
465 3083 645 3194 presenti
694 3077 840 3188 arrus⁵)
889 3080 1012 3163 simul
1056 3106 1150 3159 cum
1192 3079 1389 3161 umbilico
1430 3081 1563 3164 virilia
1604 3083 1795 3167 incidam.

390 3208 450 3290 Ea
466 3208 517 3288 de
551 3233 677 3288 causa
693 3203 804 3285 misit
835 3203 1057 3310 imperator
1089 3201 1318 3282 exercitum
1360 3203 1570 3308 ingentem
1606 3206 1647 3286 in
1679 3205 1794 3290 Hun-

390 3331 557 3436 gatiam.
598 3328 907 3432 Venientesqne
952 3323 1230 3406 transiuerant
1269 3325 1310 3403 in
1351 3323 1605 3432 Hungariam
1638 3328 1680 3408 in
1713 3329 1794 3410 Ha·

391 3481 491 3555 ram,
525 3466 565 3532 et
598 3449 769 3554 hungari
803 3447 969 3554 aliquod
1004 3445 1347 3553 impedimentum
1391 3449 1527 3529 facere
1564 3477 1648 3531 uon
1679 3463 1794 3558 pote·

390 3589 492 3656 rant.
527 3571 633 3668 Quia
664 3571 772 3676 greci
806 3597 880 3677 per
927 3567 1091 3674 ingenia
1131 3567 1443 3650 inflammabant
1476 3571 1589 3675 ignes
1623 3572 1793 3680 sulphu-

391 3722 482 3777 reos
514 3695 556 3774 in
590 3719 718 3774 naues
753 3692 1042 3796 hungarorum,
1080 3703 1120 3769 ct
1152 3717 1220 3772 eas
1255 3691 1294 3770 in
1329 3691 1427 3798 ipsis
1460 3693 1578 3799 aquis
1600 3693 1793 3776 incende·

293 3849 302 3866 ·
390 3819 503 3900 bant.
537 3814 647 3896 hlisit
677 3815 817 3919 itaque
850 3840 921 3892 rex
957 3837 1079 3892 omne
1112 3813 1238 3894 robur
1279 3814 1392 3918 regni
1434 3816 1495 3894 sni
1531 3829 1673 3898 eontra
1704 3845 1792 3922 gre·

390 3966 472 4042 cos,
507 3937 658 4045 quibus
691 3935 861 4042 prefecit
894 3933 1099 4041 Setephel.
1142 3932 1220 4028 (lui
1256 3935 1469 4020 uenientes
1502 3953 1793 4044 pugnauerunt

390 4088 486 4143 cum
519 4058 649 4166 grecis
681 4057 789 4138 ultra
819 4057 1003 4139 rinnlum
1054 4057 1206 4137 h'araso
1242 4084 1388 4139 uersus
1421 4058 1567 4142 Boron.
1616 4061 1792 4168 Fuitque

389 4209 538 4265 ananus
570 4179 725 4262 domini
758 4207 852 4259 carru
887 4179 1028 4284 grecis,
1063 4207 1138 4257 ner
1164 4180 1573 4286 potnerunt.lmngari
1594 4184 1791 4265 resistere.

391 4353 598 4364 ——--..-—-

499 4419 523 4519 ¹)
553 4422 738 4516 imperator
767 4419 940 4494 Mammas
973 4419 1118 4492 maritus
1139 4419 1212 4492 cius
1230 4419 1494 4513 improperasset
1517 4423 1588 4516 regi
1609 4425 1791 4518 Stephano.

391 4528 467 4602 add.
497 4525 538 4600 l.
577 4525 604 4618 ²)
634 4525 848 4600 brudinsinm
878 4533 910 4594 rt
941 4523 1137 4596 Srardicum
1175 4545 1235 4596 nec
1275 4549 1339 4596 non
1370 4529 1403 4598 et
1431 4528 1503 4621 Nys
1531 4527 1684 4621 aliasque
1711 4527 1789 4602 ciui·

392 4636 481 4706 tates
518 4653 695 4724 greconrm
733 4629 811 4723 igne
840 4637 874 4702 et-
901 4628 1015 4722 gladio
1052 4627 1215 4702 uastauit.
1244 4629 1286 4700 Α.
1328 4625 1356 4718 ³)
1384 4631 1578 4723 prouincias
1615 4633 1695 4708 illas
1730 4655 1791 4728 que

394 4735 537 4828 imperio
567 4733 939 4827 constantinopolitano
977 4732 1113 4806 subdite
1151 4733 1296 4806 lucrant.
1335 4733 1515 4809 Timebant
1552 4736 1642 4811 onim
1679 4759 1790 4812 omncs

391 4862 507 4934 rogem
535 4840 758 4933 Stephanum.
788 4838 817 4936 ⁴)
846 4861 920 4911 rum
949 4861 1008 4910 rex
1038 4835 1095 4909 ille
1124 4837 1299 4910 dicebatur
1326 4861 1346 4912 a
1370 4839 1570 4932 parentibus
1589 4840 1663 4916 illis
1681 4843 1787 4916 inlan-

393 4944 486 5020 tibus
516 4943 573 5038 qui
611 4942 813 5038 uagiebant:
853 4965 927 5014 aaa
957 4964 1016 5012 rex
1055 4942 1251 5032 Stephanus
1287 4942 1392 5032 uertit,
1431 4943 1548 5018 statim
1576 4947 1787 5040 conquiesce·

391 5047 557 5124 nanta.
589 5049 617 5138 ⁶)
647 5071 747 5120 anno.
777 5049 815 5120 Τ.
