3900 5762
935 450 1090 554 ...¹2⁶-

312 669 566 754 Pannoniam
600 669 801 753 adeuntes
833 671 962 751 fertur
994 666 1232 777 precesisse.
1265 668 1408 776 quue
1442 668 1581 777 Arpad
1612 668 1712 750 Zua·

311 795 483 901 tapolng
514 821 611 876 curn
643 791 790 874 ceteris
823 790 1029 898 hungaris,
1062 805 1110 874 ut
1141 791 1332 898 superius
1365 791 1521 873 dictum
1552 804 1615 874 est
1645 791 1712 871 de-

312 916 463 999 bellato
497 929 538 996 et
569 915 703 996 occiso
736 925 869 997 eastra
898 913 991 994 fixit
1022 913 1063 994 in
1096 925 1237 994 monte
1269 913 1357 995 Noe
1388 940 1517 1022 prope
1551 913 1712 1012 Albam,

312 1052 354 1119 et
384 1039 453 1120 ille
485 1037 601 1121 locus
633 1049 695 1120 est
726 1037 896 1145 primus,
930 1062 1056 1143 quem
1089 1035 1230 1143 Arpad
1263 1035 1340 1117 sibi
1374 1035 1497 1142 elegit
1537 1035 1580 1117 in
1612 1035 1713 1116 Pan-

311 1160 436 1242 nonia
466 1159 578 1242 unde
612 1172 653 1240 et
684 1159 829 1241 ciuitas
862 1159 972 1240 Alba
1010 1185 1085 1265 per
1125 1172 1314 1239 sanetum
1355 1185 1495 1264 regem
1543 1156 1714 1265 Stepha-

310 1311 425 1386 num,
459 1282 529 1390 qui
562 1280 614 1364 de
645 1281 735 1392 ipso
768 1280 978 1390 prooessit,
1010 1278 1184 1362 fundata
1216 1293 1278 1362 est
1309 1280 1365 1363 ibi
1400 1307 1544 1390 prope.

661 1629 770 1714 XIV.
805 1623 1046 1708 Secundus
1073 1625 1356 1730 capitaneus.

465 1894 645 1978 Zoboleh
657 1889 687 2000 ¹)
720 1919 817 1974 vero
866 1893 970 1975 alius
1012 1892 1252 2001 capitaneus
1295 1893 1405 1976 unde
1440 1891 1557 1975 Ohak
1589 1892 1715 1975 oritur

312 2017 532 2122 generatio,
581 2015 844 2099 descendisse
876 2014 1025 2097 dicitur
1057 2015 1097 2096 in
1131 2016 1219 2124 ipso
1253 2042 1401 2123 campo
1434 2029 1475 2096 et
1505 2016 1610 2118 1000,
1643 2013 1714 2097 ubi

310 2139 528 2222 Ohakuara
559 2166 671 2220 nunc
702 2137 810 2219 iacet
841 2137 1036 2248 desolata.
1068 2137 1176 2219 lllud
1209 2137 1362 2220 etenim
1387 2151 1567 2220 castrum
1584 2138 1715 2218 Zobo·

310 2261 364 2342 lei
376 2256 405 2369 ¹)
436 2261 628 2344 fundauit
662 2259 914 2368 capitaneus,
948 2259 1059 2367 quod
1080 2260 1346 2367 postmodum
1366 2258 1483 2342 Chak
1498 2259 1587 2367 ipso
1608 2286 1714 2340 mor-

310 2398 394 2486 tun,
428 2411 503 2466 suo
536 2382 703 2465 nomine
736 2408 760 2463 a
792 2381 877 2464 suis
902 2381 1085 2488 cognatis
1103 2393 1145 2462 et
1159 2382 1315 2463 familia
1332 2383 1450 2464 iussit
1481 2375 1714 2490 apellari;²)

310 2504 443 2614 primo
487 2505 655 2614 quidem
696 2499 917 2612 Zoboley³)
961 2502 1187 2585 dicebatur.
1230 2503 1338 2586 lllud
1376 2505 1499 2586 etiam
1535 2515 1714 2586 castrum

310 2627 566 2734 temporibus
599 2626 764 2709 Andree
797 2626 895 2706 Bele
928 2639 969 2707 et
999 2626 1185 2707 Leuente
1217 2627 1395 2709 liliorum
1421 2625 1715 2708 ZaarLadizlai

310 2776 386 2858 per
417 2775 638 2834 commune
672 2747 889 2830 consilium
922 2747 1180 2854 Vngarornm
1215 2761 1277 2832 est
1309 2749 1578 2832 confractum.

687 3079 778 3162 XV.
810 3076 1001 3158 Tercius
1036 3075 1321 3180 capitaneus.

466 3361 633 3444 Tercius
666 3388 763 3442 vero
796 3359 1036 3468 capitaneus
1054 3360 1190 3470 Gyula
1212 3361 1301 3465 fuit,
1318 3362 1431 3444 unde
1448 3361 1584 3470 Gyula
1604 3359 1710 3444 filius

310 3483 488 3566 ladislai
520 3483 742 3566 deriuatur.
773 3482 953 3588 Eratque
986 3482 1062 3564 iste
1096 3484 1232 3592 Gyula
1263 3484 1351 3566 dux
1383 3510 1558 3589 magnus
1580 3497 1621 3564 et
1637 3510 1709 3591 po·

311 3619 414 3710 tens,
449 3605 520 3712 qui
553 3605 764 3688 ciuitatem
797 3630 990 3710 magnam
1022 3604 1065 3686 in
1097 3605 1257 3687 Erdelw
1290 3607 1330 3688 in
1363 3605 1583 3687 venatione
1616 3605 1708 3714 (26)

310 3753 386 3811 sua
417 3728 645 3827 inuenerat,
665 3754 746 3833 que
765 3727 844 3808 iam
863 3726 1023 3834 pridem
1046 3754 1071 3808 a
1101 3729 1281 3810 romanis
1314 3740 1550 3810 constructa
1566 3729 1709 3809 fuerat.

310 3849 587 3956 Habebatque
619 3848 744 3929 filiam
777 3849 945 3930 nomine
977 3845 1111 3930 Sarolt
1141 3850 1475 3958 pulcherrimam,
1510 3849 1561 3932 de
1595 3849 1709 3933 cuins

310 3971 617 4080 pulchritudine
650 3970 923 4077 prouinciales
949 3970 1076 4054 duces
1095 3971 1248 4055 diutius
1264 3973 1553 4080 loquebantur.
1575 3971 1707 4068 Quam

311 4094 448 4203 Geysa
479 4093 566 4174 dux
599 4091 769 4174 oonsilio
810 4105 851 4174 et
890 4092 1047 4174 auxilio
1078 4093 1237 4198 Belind,
1272 4095 1342 4202 qui
1383 4107 1535 4176 terram
1572 4093 1708 4177 Kulan

311 4215 549 4323 possiderat,
584 4214 769 4296 traduxit
800 4214 841 4295 in
874 4241 1050 4296 uxorem
1081 4215 1337 4322 legittimam.
1361 4215 1433 4299 Isti
1459 4216 1604 4299 Belind
1623 4216 1708 4298 Ku-

311 4338 379 4419 lan
411 4337 525 4419 dedit
555 4336 680 4418 filiam
714 4363 845 4439 suam,
879 4350 926 4419 ut
958 4349 1101 4418 contra
1132 4339 1298 4420 fratrem
1332 4366 1455 4421 suum
1489 4338 1608 4420 llean
1639 4338 1708 4418 de·

311 4459 495 4542 bellaret.
527 4458 579 4540 Et
610 4472 704 4567 post
736 4459 894 4541 obitum
933 4485 1055 4541 suum
1089 4472 1238 4542 terram
1271 4487 1391 4544 suam
1430 4461 1540 4542 idern
1572 4461 1708 4544 Kulan

309 4581 457 4663 Belind
489 4580 747 4663 hereditauit.
780 4580 965 4661 Tandem
1000 4609 1095 4663 cum
1130 4581 1266 4691 Gyula
1297 4582 1491 4689 hungaris
1531 4582 1574 4664 in
1606 4583 1709 4665 Pan·

311 4703 436 4786 nonia
467 4703 749 4786 habitantibus
782 4703 955 4786 infestus
989 4716 1108 4808 esset,
1128 4716 1169 4785 et
1201 4704 1483 4813 multiplieiter
1514 4731 1709 4814 aggraua-

418 4960 444 5066 ¹)
473 4963 633 5056 Zoboloh,
662 4963 811 5039 Zobolci.
841 4963 880 5037 T.
911 4959 938 5062 ²)
966 4965 1151 5058 appellare.
1183 4957 1210 5064 ³)
1239 4964 1398 5062 Zoboloy.
