3896 5758
1039 461 1103 546 ara

999 569 1097 577 ---—-
1113 569 1153 576 -ι

374 696 627 802 Magdalene‚
671 696 878 803 accipiens
919 694 1051 801 spolia
1091 720 1245 795 eonun,
1289 707 1330 774 et
1362 721 1552 777 reuersus
1586 711 1648 776 est
1682 725 1773 778 cum

375 847 522 925 magna
557 819 738 901 uictoria.
786 819 831 898 ln
867 818 954 924 ipso
988 829 1127 897 antem
1162 816 1289 922 prelio
1330 817 1476 898 acriter
1508 831 1547 898 et
1581 819 1774 925 precipue

373 959 666 1053 pugnauerunt
706 940 861 1048 Mylrsa,
911 937 1038 1040 Gaab,
1083 953 1124 1017 et
1160 937 1297 1041 llatur,
1340 951 1380 1018 et
1428 939 1580 1022 multos
1614 967 1667 1022 ex
1701 940 1775 1020 illis

374 1077 575 1174 ceperunt
607 1076 646 1143 et
678 1062 983 1143 interfecerunt.
1032 1059 1211 1166 Eratque
1246 1087 1388 1141 eorum
1422 1060 1546 1141 lorica
1579 1063 1775 1167 sanguine

373 1189 555 1271 humano
600 1185 798 1266 conlecta.
847 1182 893 1263 ln
926 1181 1005 1261 hoc
1048 1181 1175 1288 prelio
1218 1181 1349 1262 llliksa
1388 1183 1499 1289 cepit
1529 1183 1775 1292 'l'yederium

374 1311 619 1392 intentarem
656 1306 869 1406 malorum,
904 1303 1033 1386 Vosos
1067 1303 1177 1410 eepit
1210 1301 1398 1404 Vitalem,
1432 1305 1548 1386 Gaab
1576 1333 1676 1387 uero
1701 1307 1776 1386 fra·

373 1451 477 1513 trem
512 1430 672 1510 cernitis
690 1428 740 1508 de
774 1426 973 1508 Craceuia
998 1425 1210 1533 polonum,
1230 1426 1356 1507 Batur
1373 1427 1482 1532 cepit
1499 1425 1646 1510 llndre.
1668 1427 1776 1523 Quos

374 1583 469 1636 eum
506 1552 557 1634 ad
590 1577 727 1656 regem
763 1545 1122 1656 dux(lll)issent,
1166 1561 1300 1652 grates
1345 1548 1495 1630 multas
1534 1550 1676 1630 retulit
1708 1549 1774 1650 eis,

375 1690 415 1758 et
448 1672 751 1780 elegantissime
784 1669 1067 1753 remunerauit
1099 1695 1181 1750 eos.
1207 1669 1429 1775 Postquam
1449 1685 1587 1751 autem
1607 1699 1776 1778 regnum

375 1798 661 1879 confirmatum
696 1806 806 1876 esset
838 1793 877 1873 in
911 1819 1040 1873 manu
1072 1791 1177 1896 regis
1220 1791 1330 1893 llele,
1370 1793 1567 1874 utebatur
1598 1821 1652 1874 cx
1686 1794 1778 1874 rino

373 1919 566 2002 multum.
600 1915 729 1998 Cuius
762 1915 884 1996 aulici
918 1913 1105 1995 consueti
1138 1926 1265 2016 crant,
1298 1924 1345 1995 ut
1371 1915 1569 2021 quidquid
1590 1915 1629 1996 in
1650 1915 1779 1997 ebrie·

376 2055 458 2123 tate
490 2040 595 2145 regis
631 2038 838 2145 petebant,
873 2036 1093 2121 habebant.
1127 2035 1179 2116 Et
1212 2048 1305 2142 pest
1325 2035 1566 2117 ebrietatem
1586 2065 1660 2118 rex
1680 2037 1779 2118 reci·

373 2189 472 2272 pere
504 2188 586 2242 non
621 2173 794 2270 poterat.
827 2159 935 2239 Poch
971 2171 1011 2238 et
1043 2155 1141 2238 Saul
1184 2157 1292 2239 viros
1331 2158 1541 2263 religiosos
1575 2159 1614 2240 in
1650 2159 1780 2240 ebrie·

375 2301 458 2368 tate
492 2281 764 2368 suotradidit
795 2281 836 2362 in
869 2307 1018 2362 marrus
1059 2277 1318 2361 inimicorum
1362 2307 1544 2381 suerum,
1583 2282 1654 2388 qui
1688 2283 1779 2364 abs·

374 2435 456 2516 que
490 2433 615 2488 causa
647 2403 850 2484 interlecti
882 2415 989 2485 sunt.
1026 2401 1229 2506 Regnauit
1261 2401 1382 2507 igitur
1414 2399 1502 2510 ipse
1534 2403 1634 2484 Bela
1659 2430 1780 2486 cecus

375 2528 493 2612 annis
533 2553 699 2629 nouem,
743 2525 956 2607 mensibus
1004 2523 1073 2605 Xl.
1110 2524 1257 2606 diebus
1291 2523 1381 2605 XII.
1416 2523 1608 2630 Migrauit
1640 2539 1779 2607 autem

375 2652 425 2734 ad
460 2649 674 2732 dominum
717 2674 825 2729 anno
868 2645 1022 2726 domini
1056 2644 1271 2726 traxit-0
1311 2646 1407 2727 ldus
1440 2645 1650 2728 Februarii
1684 2649 1781 2728 feria

375 2773 531 2882 quinta.
566 2769 693 2853 Cuius
727 2796 875 2877 corpus
910 2769 1016 2850 Albe
1050 2767 1234 2875 quiescit.

566 3033 691 3133 LXX.
727 3044 814 3126 Hie
842 3040 1000 3147 (lepra
1027 3047 1276 3123 coronatur
1302 3041 1350 3122 ln
1376 3041 1587 3147 regem.*)

529 3294 729 3402 Respexit
760 3305 899 3374 autem
933 3291 1125 3374 dominus
1168 3289 1433 3397 Hungariam,
1468 3307 1509 3372 et
1541 3292 1653 3374 dedit
1686 3319 1777 3400 pre·

375 3433 647 3528 pugnatorem
680 3415 932 3521 gradientem
953 3414 992 3493 in
1012 3413 1275 3495 multitudine
1307 3413 1557 3496 fortitudinis
1589 3441 1677 3498 sue.
1695 3413 1776 3494 De·

375 3541 434 3622 dit
466 3541 576 3622 enim
608 3539 800 3620 dominus
832 3564 1004 3642 regnum
1039 3535 1198 3643 Geytbe
1230 3561 1359 3644 puero
1392 3561 1479 3618 suo.
1528 3535 1608 3631 Qui
1639 3535 1681 3617 in
1714 3537 1777 3616 die

375 3676 516 3748 sancte
557 3661 708 3742 Ceeilie
749 3659 918 3764 uirginis
962 3670 1179 3738 coronatus
1214 3671 1286 3739 est.
1321 3656 1448 3740 Cuius
1481 3658 1671 3740 dextram
1703 3685 1774 3766 ap·

376 3784 592 3893 prehendit
624 3796 665 3863 et
697 3780 953 3877 certiortauit
1002 3779 1260 3886 subiecitque
1294 3779 1329 3859 ei
1363 3795 1506 3884 gentes
1540 3781 1703 3882 multaS,
1740 3793 1779 3860 et

375 3907 496 3988 dorsa
535 3933 676 4011 regum
717 3902 839 3984 uertit
871 3904 910 3984 in
953 3903 1092 4007 fugam
1127 3928 1152 3982 a
1182 3901 1286 3982 facie
1327 3901 1447 4007 gladii
1482 3903 1582 3984 eius.
1631 3901 1777 4010 Rapolt

375 4054 473 4110 vere
506 4026 624 4108 miles
656 4023 885 4107 Alamanus
927 4037 1106 4105 castrum
1147 4023 1279 4104 Peson
1322 4051 1373 4104 ex
1426 4073 1481 4082 -
1531 4025 1733 4132 probitate
1746 4019 1772 4130 ¹)

375 4149 523 4232 Iuliani
555 4148 715 4230 comitis
748 4160 925 4254 ceperat.
960 4144 1077 4239 Quod
1113 4145 1285 4251 hungari
1318 4171 1399 4226 non
1434 4172 1506 4252 pro
1526 4145 1774 4228 medicabu-

375 4273 557 4354 buerunt
587 4269 770 4379 penuria.
807 4267 888 4348 Sed
920 4295 993 4348 rex
1028 4268 1268 4349 adolescens
1302 4297 1351 4347 ea
1367 4295 1450 4348 uon
1478 4268 1646 4350 silenter
1664 4268 1777 4377 quie·

375 4395 446 4476 uit.
482 4392 615 4474 Duxit
647 4391 758 4473 enim
789 4417 865 4470 rex
898 4391 1127 4470 exercitum
1160 4403 1302 4470 contra
1332 4391 1513 4470 furorem
1547 4391 1774 4472 teutonico·

375 4544 465 4597 rum
500 4512 807 4612 insultantium,
851 4526 892 4591 et
933 4510 1144 4616 Hungarie
1177 4511 1303 4618 (118)
1338 4512 1516 4591 confinia.
1557 4512 1776 4594 deuastan-

375 4739 582 4748 *0*—

484 4837 510 4935 ¹)
537 4843 691 4917 lacunam
720 4841 754 4915 in
781 4841 853 4914 cod.
884 4839 1054 4914 industria
1079 4847 1114 4914 ct
1133 4840 1352 4933 improbitate
1381 4840 1509 4934 explet.
1540 4841 1578 4914 T.

479 4979 513 5076 *l
541 4983 592 5055 De
620 4981 766 5055 secundo
795 4981 907 5076 Geysa
936 5001 1027 5074 rege.
1056 4979 1099 5052 Α.
