3896 5758
375 693 533 792 domini
566 705 908 793 MCCLXXllI-O.
926 706 955 818 ¹)
989 706 1110 819 Quia)
1143 712 1390 820 imperatore
1423 714 1648 796 adiuuante
1675 714 1781 796 circa

374 831 603 915 Morauiam
636 833 785 915 occidit
816 859 955 937 regem
989 833 1241 917 Othocarum
1277 861 1403 943 supra
1434 836 1591 918 dictum
1615 837 1655 917 in
1688 865 1780 943 pre-

370 943 441 1042 lio.
476 955 621 1038 Postea
654 984 748 1038 curn
783 983 891 1037 anno
926 956 1081 1037 domini
1115 955 1466 1040 MCCLXXXII·0
1490 957 1779 1042 Oldamirdux

374 1075 576 1160 Crunanie
625 1091 870 1184 congregato
920 1078 1107 1161 exercitu
1155 1106 1440 1180 cumanorum,
1492 1080 1601 1162 circa
1643 1080 1780 1162 lacum

372 1197 493 1281 Hood
525 1213 733 1304 uocatum,
768 1200 912 1282 uolens
946 1199 1146 1282 hostiliter
1177 1228 1352 1308 regnum
1390 1201 1588 1283 inuadere
1623 1202 1781 1308 hunga-

372 1349 511 1405 rorum
544 1335 591 1405 ut
623 1348 699 1405 suo
732 1323 913 1403 dominio
947 1322 1198 1429 subiugaret,
1226 1340 1369 1406 contra
1401 1351 1497 1406 eum
1531 1351 1606 1406 rex
1639 1325 1780 1406 Ladiz·

372 1443 474 1543 laus,
511 1463 557 1528 ut
587 1444 701 1526 fortis
733 1443 853 1526 Iosne
895 1471 968 1551 pro
1016 1459 1138 1551 geute
1180 1475 1255 1528 sua
1288 1460 1330 1528 et
1360 1473 1486 1553 regno
1520 1463 1780 1554 puguaturus

372 1566 556 1650 accessit.
607 1567 655 1649 ln
689 1566 806 1648 cuins
848 1566 1033 1648 exercitu
1075 1568 1287 1651 Lorandus
1329 1567 1437 1651 filius
1469 1568 1628 1650 Thome
1662 1570 1780 1651 miles

371 1700 564 1773 strenuus
608 1702 750 1770 contra
794 1687 1002 1772 Cumanos
1042 1689 1250 1773 lanceauit
1294 1719 1388 1772 cum
1424 1691 1584 1800 impetu
1617 1692 1781 1775 uirtutis

371 1839 457 1914 sue,
492 1826 533 1894 et
563 1810 825 1894 laudabiliter
856 1811 1059 1919 percussit
1092 1811 1290 1918 plurimos
1324 1815 1614 1921 etprosnauit.
1633 1813 1780 1897 Postea

372 1961 468 2018 cum
501 1933 678 2043 prelium
712 1934 1037 2016 committeretur
1064 1934 1169 2016 iuter
1186 1949 1325 2042 partes
1344 1935 1624 2037 lenissimum,
1642 1936 1779 2019 subito

371 2069 412 2137 et
444 2057 653 2166 inopinate
687 2083 740 2137 ex
774 2055 913 2137 diuina
947 2055 1167 2137 sternentia
1199 2057 1343 2164 pluuia
1382 2059 1546 2164 grandis
1595 2059 1781 2140 exoritur

371 2194 513 2261 contra
542 2179 692 2261 faciem
725 2205 993 2286 paganorum,
1027 2192 1068 2259 et
1101 2180 1171 2286 qui
1205 2179 1245 2260 in
1279 2181 1459 2262 arcubus
1494 2181 1720 2288 sperabant
1741 2197 1781 2262 et

372 2302 530 2408 sagitta,
564 2314 732 2410 propter
768 2301 976 2408 ymbrium
1021 2299 1280 2402 densitatem,
1326 2303 1445 2384 iuxta
1476 2301 1779 2410 propheticum,

368 2424 468 2505 facti
499 2437 597 2508 sunt
627 2435 675 2506 ut
705 2435 863 2506 stercus
897 2440 1013 2505 terre.
1049 2421 1101 2504 Et
1133 2423 1191 2505 sic
1224 2452 1298 2505 rex
1332 2423 1545 2507 Ladizlaus
1564 2424 1778 2507 uictoriam

370 2546 549 2629 obtinuit
588 2545 728 2627 diuino
776 2545 904 2627 fretus
948 2544 1113 2627 auxilio.
1162 2545 1346 2627 Tandem
1390 2558 1534 2654 postea
1571 2547 1695 2655 pauci
1728 2548 1779 2629 de

368 2667 468 2777 ipsis
502 2665 699 2750 Crunanis
733 2667 803 2775 qui
837 2680 1055 2750 euaserant
1097 2667 1148 2748 ad
1187 2667 1375 2751 Tartarus
1422 2669 1627 2774 fugientes
1675 2697 1780 2778 qno·

368 2817 461 2874 rum
509 2789 707 2883 instinctu
754 2788 909 2871 Tartari
958 2816 1066 2872 anno
1114 2789 1269 2872 domini
1319 2788 1672 2872 MCCLXXXV-o
1716 2819 1780 2874 se·

369 2912 507 2996 cunda
538 2912 632 2996 uice

577 3153 783 3239 LXXXV.
800 3146 1014 3234 secunao
1041 3151 1142 3233 uice
1169 3153 1345 3234 iuuant
1370 3152 1567 3236 Tartar-l.

526 3400 651 3509 (129)
694 3401 951 3484 intrauerunt
993 3401 1032 3481 iu
1079 3401 1344 3508 Huugariam,
1395 3415 1436 3484 et
1478 3431 1612 3511 usque
1655 3402 1779 3487 Pesth

368 3524 563 3608 uniuersa
598 3522 884 3607 miserabiliter
916 3524 1246 3607 combusserunt.
1279 3525 1359 3606 Istc
1394 3526 1503 3606 euim
1529 3553 1601 3605 rex
1637 3525 1780 3606 Ladiz·

368 3647 459 3728 laus
491 3646 615 3728 filiam
652 3645 756 3752 regis
790 3645 928 3728 Karoli
962 3645 1012 3727 de
1047 3645 1271 3754 Apuliam
1306 3647 1545 3753 coniugium
1582 3647 1778 3730 habebat.

369 3766 448 3849 Sed
492 3782 629 3877 spreto
671 3767 788 3849 thoro
833 3767 1037 3874 coniugali
1082 3768 1245 3851 filiabus
1286 3767 1447 3852 adhesit
1490 3795 1778 3872 cumanorum,

369 3887 556 4000 Cyduam
590 3887 813 3998 Cupchech
848 3904 889 3971 et
920 3887 1158 3972 Mandnlam
1201 3906 1381 3993 uocatas
1416 3917 1464 3972 ac
1497 3890 1598 3974 alias
1632 3919 1781 4000 quam-

368 4011 507 4120 plures
540 4011 582 4094 in
615 4011 868 4095 concubinas
900 4012 1103 4109 habebat3
1138 4039 1313 4121 quarum
1347 4039 1487 4095 amore
1521 4013 1698 4096 coreius
1718 4027 1782 4096 est

370 4133 516 4217 merito
548 4133 822 4242 deprauatum
857 4147 898 4215 et
930 4161 954 4216 a
986 4133 1070 4217 suis
1103 4134 1328 4218 baronibus
1363 4151 1403 4217 et
1436 4137 1550 4242 regni
1568 4135 1781 4219 nobilibus

371 4255 465 4340 odio
496 4255 738 4339 habebatur.

479 4531 505 4631 ¹)
534 4531 701 4608 milesimo
730 4533 962 4608 ducentesimo
998 4533 1250 4628 septuagesimo
1286 4535 1446 4608 secundo.
1477 4535 1516 4607 T.
1551 4537 1578 4626 ¹)
1617 4557 1680 4608 rex
1708 4536 1777 4609 La-

372 4636 503 4714 dialaus
531 4661 619 4713 anno
648 4635 777 4712 domini
807 4637 972 4713 milesimo
989 4636 1220 4712 ducentesimo
1237 4637 1490 4734 septuagesimo
1512 4645 1622 4713 sexto.
1641 4639 1719 4714 add.
1737 4639 1777 4712 Τ.
