3896 5758
1025 449 1181 554 -r—ao-

398 660 510 768 bant,
554 665 653 773 quia
692 665 890 749 uolebant
930 667 1090 750 tradere
1123 668 1271 749 ducem
1306 666 1348 748 iu
1381 693 1529 748 marrus
1562 661 1795 748 Salomonis.

396 781 498 869 Dux
530 800 671 870 autem
703 789 743 870 in
778 789 857 873 illis
890 791 1113 892 conlidens,
1146 790 1313 893 ibidem,
1346 789 1503 871 scilicet
1535 789 1578 869 in
1602 788 1797 893 lgfauue·

397 911 586 992 nabetur.
619 909 700 992 Sed
731 914 898 995 fratrem
930 940 1053 997 suum
1086 913 1322 994 Ladizlaum
1356 911 1467 994 misit
1490 911 1531 992 in
1549 909 1796 1010 Bolremiam,

319 1056 323 1065 ·
399 1032 497 1140 quia
528 1032 609 1113 iam
650 1049 750 1115 tunc
793 1062 984 1118 reuersus
1025 1051 1111 1116 erat
1143 1036 1194 1116 de
1228 1035 1377 1117 Roscia
1408 1034 1497 1116 siue
1529 1032 1724 1134 subsidi0,
1756 1047 1798 1112 ut

397 1168 557 1260 rogaret
589 1153 813 1238 Otthonem
847 1157 998 1240 ducem
1031 1157 1321 1258 Bolremorum,
1356 1168 1403 1238 ut
1434 1156 1532 1264 ipsis
1566 1153 1797 1236 inuecessi·

397 1290 480 1357 tate
519 1278 660 1385 positis
702 1279 981 1362 auxiliaretur.
1023 1280 1070 1361 ln
1109 1279 1254 1360 eodem
1299 1306 1421 1360 manc
1456 1277 1622 1386 quaudo
1654 1305 1725 1356 rex
1758 1303 1797 1356 sc

399 1399 674 1504 cogitaturum
715 1413 924 1503 statuerat,
967 1431 1060 1484 cum
1104 1402 1288 1484 uenisset
1320 1401 1371 1482 ad
1404 1400 1639 1501 matutinas,
1674 1398 1795 1479 abbas

398 1519 507 1602 idem
551 1523 768 1606 abscondit
807 1551 851 1607 se
893 1525 933 1605 in
978 1524 1238 1624 monasteriO,
1271 1537 1318 1605 ut
1350 1523 1510 1605 audiret
1543 1523 1638 1630 (81)
1674 1520 1799 1601 cousi·

397 1641 512 1747 lium,
547 1670 596 1726 eo
629 1645 738 1752 quod
772 1646 905 1729 fidelis
938 1662 1025 1728 crat
1057 1647 1164 1747 duci,
1198 1647 1296 1753 quia
1327 1646 1437 1727 lilius
1478 1644 1708 1726 fundatoris
1739 1669 1800 1722 ec·

399 1765 523 1848 clesie
555 1768 792 1854 sucluerat.
828 1766 1010 1851 Cantatis
1042 1768 1165 1874 igitur
1196 1768 1409 1850 matutinis
1443 1763 1801 1848 cumomnesexi·

399 1888 569 1991 uissent,
603 1916 678 1970 rex
712 1903 753 1970 et
784 1888 863 1970 Vid
895 1891 1049 1973 ibidem
1085 1903 1383 1992 remanserunt,
1404 1903 1444 1970 et
1477 1883 1800 1970 tate'eonsiltun

400 2023 645 2112 statuerunt,
678 2011 785 2094 sicut
815 2010 895 2093 Vid
928 2014 1010 2118 regi
1043 2014 1178 2094 facere
1228 2013 1482 2094 landauerat.
1531 2009 1621 2090 Hoc
1669 2027 1800 2090 autem

400 2133 610 2240 predictus
638 2134 767 2216 abbas
796 2135 992 2237 audierat,
1021 2135 1310 2216 monachalem
1339 2135 1475 2216 statim
1506 2133 1720 2240 deponens
1738 2129 1801 2210 lra-

400 2254 546 2358 bitum,
582 2270 623 2336 et
654 2255 843 2337 laicalem
875 2257 1065 2357 induens,
1083 2255 1351 2362 gladiumque
1374 2256 1606 2360 accingens,
1625 2251 1802 2336 ascendit

401 2404 570 2483 equum,
604 2392 646 2458 et
676 2379 793 2459 uenit
825 2379 1020 2460 citissime
1053 2379 1102 2458 ad
1137 2380 1300 2479 ducem,
1345 2406 1471 2484 quem
1504 2401 1626 2457 mane
1660 2374 1802 2457 dormi-

403 2512 542 2580 entem
576 2498 749 2601 inuenit,
782 2515 824 2581 et
856 2501 1056 2582 excitauit
1089 2527 1184 2581 enm
1218 2501 1361 2583 dicens
1394 2501 1453 2580 ei:
1488 2499 1602 2604 Fuge
1637 2498 1737 2599 dux,
1769 2513 1805 2576 ct

401 2620 436 2703 si
468 2646 551 2702 uon
585 2622 750 2726 fugeris,
783 2622 919 2706 statim
953 2622 1104 2705 milites
1137 2621 1367 2704 Salomonis
1401 2622 1452 2702 ad
1486 2620 1737 2726 capiendum
1768 2633 1804 2698 te

401 2743 749 2851 appropinquant.
792 2743 892 2826 Dux
925 2771 1023 2826 uero
1057 2744 1229 2826 collecto
1272 2745 1459 2825 exercitu
1496 2769 1570 2825 suo
1603 2742 1733 2824 voluit
1764 2755 1805 2821 ut

404 2864 599 2947 citissime
633 2865 709 2947 iret
740 2865 780 2946 in
823 2879 960 2973 partes
1002 2867 1200 2948 Bohemie
1233 2893 1306 2974 pro
1341 2869 1465 2948 fratrc
1498 2890 1573 2946 suo
1608 2863 1804 2960 Ladizla0,

402 2987 475 3070 sed
503 3014 576 3068 rcx
600 2987 767 3069 obuiam
788 2989 824 3068 ei
856 2989 1065 3070 ueniebat.
1098 2987 1283 3094 ltegcbat
1314 3005 1452 3069 autem
1487 2985 1566 3067 Vid
1583 2987 1642 3070 sic
1658 3012 1804 3090 regem,

402 3109 509 3192 sicut
541 3109 734 3215 magister
766 3110 1028 3218 discipulum,
1062 3125 1232 3218 eratque
1265 3111 1342 3191 sibi
1375 3111 1425 3191 de
1458 3111 1557 3208 iure,
1592 3105 1802 3191 sinconmi

402 3232 490 3314 iure
522 3231 725 3314 subditus.
760 3229 877 3327 Quod
913 3233 1147 3315 cauendum
1182 3227 1803 3330 cstomnibushomiuibus,sc‹l

403 3355 586 3436 maxime
619 3354 795 3460 regibus.
832 3355 1111 3462 Laetatusque
1144 3367 1206 3436 est
1240 3355 1418 3462 pessimo
1437 3353 1528 3462 Vyd
1550 3351 1694 3460 perfidi
1711 3377 1804 3432 cou-

403 3476 504 3580 sili0,
539 3477 755 3584 mouitque
789 3477 1018 3558 exercitum
1053 3505 1179 3584 super
1210 3477 1373 3562 ducem.

558 3596 658 3680 Dux
691 3625 790 3680 uero
824 3626 921 3679 cum
954 3600 1140 3680 exercitu
1173 3626 1247 3680 suo
1275 3599 1462 3679 obuiauit
1477 3598 1561 3702 regi
1578 3597 1620 3678 in
1638 3597 1803 3700 Kenrey,

405 3719 613 3828 principes
631 3731 769 3803 autem
789 3713 914 3803 ducis'
930 3747 1027 3830 ymo
1046 3721 1259 3802 traditores
1279 3721 1479 3802 miserunt
1496 3719 1685 3800 clanculo
1702 3743 1803 3797 nun·

405 3841 490 3924 cios
522 3842 571 3921 ad
617 3868 755 3946 regem
799 3841 1004 3925 diceutes:
1041 3841 1161 3938 Quod
1194 3844 1227 3926 si
1259 3870 1334 3924 rex
1368 3869 1438 3925 eos
1471 3843 1511 3922 in
1544 3839 1803 3945 dignitatibus

404 3964 489 4047 suis
522 3977 692 4064 teneret,
727 3964 839 4044 etin
872 3965 1042 4071 gratiam
1076 3965 1317 4072 susciperet,
1349 3963 1427 4072 ipsi
1461 3965 1501 4045 in
1527 3963 1650 4064 bello,
1669 3961 1802 4042 relicto

405 4085 524 4188 duce,
566 4086 618 4167 ad
659 4112 798 4192 regem
842 4087 1108 4169 confluerent.
1158 4086 1247 4168 Rex
1289 4100 1430 4168 autem
1470 4083 1711 4167 certificauit
1740 4107 1804 4162 cos

405 4234 531 4316 super
573 4207 663 4308 hoc,
706 4207 875 4315 prestito
915 4209 1159 4312 iurament0,
1201 4225 1243 4290 et
1282 4235 1452 4291 securus
1494 4221 1594 4289 tunc
1625 4202 1806 4286 transiuit

405 4330 596 4438 Tysciam
629 4329 845 4435 glaciatam
879 4358 1005 4438 super
1035 4332 1197 4414 ducem.
1250 4330 1441 4438 Cumque
1482 4327 1803 4437 appropinquas-

405 4465 499 4535 sent
530 4451 581 4532 ad
610 4452 799 4558 prelium,
826 4481 901 4534 rex
934 4453 1045 4561 apud
1079 4452 1297 4534 ecclesiam
1330 4452 1401 4533 filii
1433 4451 1524 4558 Nog
1555 4449 1731 4531 armauit
1753 4474 1803 4548 se,

408 4587 449 4655 et
481 4574 732 4656 coadunauit
760 4576 926 4681 agmina
967 4602 1043 4657 sua
1084 4575 1134 4656 ad
1184 4575 1479 4676 dimicandum,
1528 4589 1569 4654 ct
1610 4573 1803 4678 impetum

406 4694 505 4778 fecit
537 4723 662 4803 super
693 4696 856 4799 ducem,
890 4725 939 4779 ac
971 4697 1122 4779 ducem
1155 4697 1310 4779 auxilio
1343 4693 1806 4780 suorumfraudulenter

408 4818 653 4900 destitutum
694 4820 918 4926 superauit.
964 4819 1174 4928 Principes
1222 4833 1363 4902 autem
1405 4819 1539 4926 Geyse
1580 4814 1731 4898 Petrud
1769 4827 1806 4892 ct

408 4939 544 5052 Bykas
576 4938 617 5020 iu
651 4939 740 5049 ipso
772 4940 900 5050 prelio
934 4969 1029 5024 cum
1063 4943 1193 5025 tribus
1225 4941 1459 5048 agminibus
1477 4951 1701 5025 castrorum
1720 4963 1805 5027 uer·
