3898 5752
1015 445 1170 555 Q

388 644 657 738 constructionis
687 656 844 748 exempla
871 665 1068 754 supersunt,
1099 669 1212 742 cotona
1238 667 1513 746 terminationem
1541 671 1683 748 latinam
1705 673 1791 752 aeci·

392 764 516 858 piunt:
546 769 711 868 Arpano,
742 779 882 874 moysae,
911 787 1042 880 Zultae‚
1071 789 1232 883 Ueiosne,
1261 793 1463 886 Veluquio.“

544 928 638 1004 Usus
671 933 878 1012 suffixorum
912 941 1175 1039 hungarioorum
1211 949 1245 1024 in
1280 974 1436 1027 sermone
1471 953 1597 1044 latino,
1636 979 1703 1030 non
1741 961 1793 1032 est

390 1044 464 1120 sine
493 1051 661 1144 exemplis
689 1054 724 1128 in
752 1063 982 1140 monumentis
1009 1068 1163 1161 priorum
1190 1071 1238 1146 rei
1268 1074 1423 1167 publicae
1460 1077 1667 1171 hungaricae
1699 1101 1793 1154 sccu-

389 1168 512 1243 lornm.
543 1172 621 1246 Janr
650 1175 684 1248 in
715 1179 851 1256 decreto
879 1185 912 1259 S.
943 1188 1097 1265 Ladislni
1125 1216 1246 1268 nomen
1275 1198 1353 1270 Ernr
1380 1199 1491 1292 (leget
1520 1203 1559 1272 tr
1585 1235 1637 1262 z
1665 1204 1792 1292 custos

390 1292 602 1385 speculator)
630 1295 665 1370 iu
696 1324 836 1379 numero
864 1309 989 1400 plurali
1018 1314 1123 1387 Esou-i
1152 1317 1206 1390 vel
1233 1319 1370 1392 Eur-ek
1406 1321 1629 1412 construitur,
1664 1323 1794 1410 „Decu-

387 1411 504 1489 riones
533 1439 660 1510 eorum,
691 1423 748 1515 qui
777 1428 881 1522 vulgo
910 1432 1016 1506 Eur-i
1044 1440 1217 1512 vocantur.
1262 1483 1310 1494 -
1339 1441 1402 1536 Qui
1431 1441 1590 1518 dicuntur
1617 1447 1790 1520 Eur-ek.“

386 1535 454 1609 ΙΙΙ.
486 1540 598 1613 1-2,
629 1542 730 1618 Endi.
760 1549 850 1622 Mon.
872 1549 959 1626 341.

544 1679 735 1758 Occurrunt
762 1711 875 1782 porro,
905 1695 964 1766 sed
993 1699 1146 1791 temporo
1175 1703 1306 1776 tantum
1334 1704 1491 1781 Andreae
1520 1707 1623 1800 nogiS,
1654 1729 1791 1782 accusa-

387 1793 450 1868 tivi
477 1798 670 1895 hungarici,
699 1805 735 1880 in
762 1813 861 1902 parte
890 1814 1033 1910 Regesti
1061 1821 1282 1900 Varadiensis
1308 1850 1494 1920 perennes
1516 1830 1614 1906 1219
1635 1836 1671 1905 et
1692 1831 1790 1903 1229

385 1920 589 2015 conscripta.
636 1929 789 2021 „Jordan
818 1934 859 2007 de
887 1936 970 2012 nilla
997 1941 1101 2033 Kone,
1131 1947 1166 2018 et
1193 1947 1347 2042 Keigueu
1375 1953 1416 2025 do
1443 1953 1528 2027 uilla
1556 1954 1651 2042 shol,
1686 1953 1793 2046 impe-

385 2037 519 2115 ciorunt
560 2045 729 2142 Ugud-ut‚
774 2055 922 2148 Obudut,
966 2063 1119 2137 Scaea-m
1167 2071 1201 2140 et
1242 2071 1453 2168 Scernhogit
1495 2077 1529 2148 ot
1564 2075 1716 2149 nudor-c
1762 2078 1795 2147 et

385 2161 585 2238 Eunoni-um
618 2170 660 2244 de
701 2173 807 2250 furto.
841 2181 1162 2261 Prenourinntorunr
1191 2192 1302 2266 furum
1332 2200 1487 2287 quatuor,
1517 2196 1648 2272 scilicet
1677 2197 1792 2291 Ugud,

386 2282 531 2382 Benouy‚
568 2290 676 2383 ouon,
716 2300 750 2369 et
788 2300 892 2376 Sceca
928 2310 1065 2397 portato
1103 2310 1193 2386 ferro
1233 2317 1401 2391 combusti
1439 2322 1520 2392 sunt
1552 2325 1586 2393 et
1622 2317 1794 2414 suspensi.

383 2402 502 2480 Durior
529 2411 680 2507 veniens,
720 2441 780 2512 pre
816 2423 921 2499 nimia
949 2425 1161 2523 infirmitate,
1205 2435 1334 2510 ferrum
1375 2445 1512 2533 portare
1554 2466 1622 2517 non
1663 2441 1793 2536 potuit.

384 2525 562 2624 Scemhogi
591 2534 626 2608 in
664 2541 780 2616 eadem
813 2547 1005 2639 septimana
1041 2577 1108 2628 nou
1146 2560 1370 2652 compnr'uit.“
1415 2564 1449 2637 Ο.
1479 2568 1541 2639 oi.
1585 2560 1796 2658 „Vdnoruici

381 2647 476 2742 regis
518 2652 742 2748 impetierunt
785 2664 957 2745 Aridrcum
998 2675 1118 2749 Fatarn
1171 2687 1205 2756 et
1242 2687 1411 2780 Mogd-ut.
1448 2686 1605 2762 Andreas
1637 2688 1727 2761 Fato
1763 2688 1796 2758 ot

382 2769 483 2863 Mogd
513 2779 680 2854 combusti
710 2789 824 2859 sunt.“
857 2791 893 2865 C.
927 2797 1012 2876 100.
1063 2801 1178 2887 „Trite
1206 2805 1359 2900 inipeoiit
1387 2810 1507 2884 Kebek
1526 2814 1560 2884 ot
1589 2819 1622 2885 ot
1649 2810 1793 2885 Bodolt

383 2889 423 2962 dc
452 2893 555 2972 furto.
586 2900 678 2976 Dicti
707 2905 799 2981 fures
827 2912 947 2988 Kebek
976 2921 1010 2991 et
1039 2921 1148 2997 Bodoi
1177 2927 1211 2999 iu
1251 2930 1329 3004 dato
1368 2931 1512 3006 termino
1550 2957 1618 3008 non
1656 2957 1792 3026 compu-

384 3019 562 3092 rue'rurrt.“
595 3022 629 3096 0.
660 3026 748 3102 221).
780 3033 1013 3128 „Pnngrocius
1043 3046 1149 3119 tro-nit
1177 3049 1210 3122 in
1241 3073 1377 3127 causam
1404 3053 1520 3128 Anuad
1541 3055 1791 3143 assumens,

382 3133 516 3212 scilicet
543 3143 704 3220 Chicham
732 3154 766 3223 et
794 3155 956 3233 Mones-t.
986 3163 1148 3242 Pressius
1177 3172 1297 3248 Monos
1326 3180 1462 3268 portato
1491 3178 1582 3250 ferro
1608 3178 1791 3251 mundatus

381 3259 470 3330 est«
503 3261 538 3335 G.
569 3266 656 3340 348.
699 3272 800 3374 Endl.
840 3279 929 3352 Mon.
968 3285 1054 3359 722.
1092 3290 1133 3362 In
1171 3293 1250 3368 aliis
1286 3296 1409 3372 horum
1446 3303 1635 3394 temporum
1674 3323 1791 3374 rnonu-

382 3379 507 3454 mentis
536 3391 806 3470 constructionis
834 3381 1173 3496 herigarioo-latinae
1203 3415 1338 3492 unicum
1371 3423 1563 3516 exennplum
1598 3422 1792 3496 invenimus

381 3496 417 3572 in
446 3506 627 3584 metalibus
656 3513 760 3590 villae
789 3519 899 3596 Jeuen
926 3528 1122 3618 provinciae
1151 3536 1382 3616 Bihoriensis.
1425 3545 1608 3632 „Transito
1638 3549 1791 3618 torrente

381 3623 475 3696 vadit
502 3629 542 3701 ad
572 3633 784 3729 Zeguenouo‚
814 3647 849 3716 et
876 3647 1029 3738 pertinet
1057 3656 1282 3735 Jorreunec.“
1317 3667 1427 3740 1236.
1456 3667 1492 3742 0.
1513 3669 1554 3741 D.
1577 3669 1638 3742 IV.
1671 3673 1704 3743 1.
1727 3672 1788 3743 64.

382 3743 456 3818 Vox
485 3749 587 3826 etiarn
616 3756 804 3854 hungarica
833 3767 1077 3850 tormina-tione
1105 3781 1150 3851 ts
1178 3781 1345 3858 actionem
1374 3786 1586 3882 significans,
1607 3798 1648 3870 ad
1674 3818 1788 3870 axom-

380 3865 497 3955 plum:
531 3875 707 3961 „fecerunt
736 3885 941 3966 aldarnus
969 3899 1021 3972 nel
1051 3902 1279 3978 olonnam
1312 3907 1355 4004 (c.
1388 3914 1445 3984 16.
1479 3915 1557 4007 22.)
1587 3917 1621 3991 in
1651 3927 1789 4014 regesto

383 3986 424 4060 de
462 3991 573 4067 Varad
611 4001 691 4074 aurini
728 4007 825 4083 1235
861 4013 998 4108 legitur.
1044 4023 1224 4118 „tmpeciit
1263 4051 1378 4103 cocum
1411 4035 1504 4130 regis
1539 4039 1696 4135 der-eqni
1734 4044 1786 4118 sni

384 4109 561 4188 etadcs“
598 4117 835 4224 (corrutione).
865 4136 900 4209 O.
932 4143 1016 4216 168.
1048 4145 1147 4220 Eudl.
1179 4153 1265 4225 684.

540 4258 668 4337 Cuncta
695 4266 777 4342 hoec
809 4280 966 4372 oxornpla
995 4280 1028 4354 in
1059 4291 1287 4366 monumentis
1314 4297 1394 4370 ante
1431 4321 1557 4372 aurnum
1599 4301 1695 4376 1241
1726 4326 1785 4378 ex·

383 4373 491 4450 aratis
519 4379 692 4474 leguntur.
721 4390 826 4466 Liber
854 4395 962 4492 igitur
989 4405 1147 4500 Magistri
1177 4413 1215 4485 P.
1245 4415 1298 4488 vei
1328 4419 1492 4492 extremis
1528 4421 1632 4496 seculi
1661 4425 1785 4500 duode-

383 4494 473 4588 cimi‚
504 4502 556 4574 vol
584 4505 705 4598 primis
734 4513 855 4590 decimi
884 4522 978 4596 tertii
1007 4528 1120 4621 annuis,
1150 4540 1241 4609 certe
1270 4542 1349 4612 cute
1377 4541 1505 4617 bellum
1542 4566 1617 4618 cunr
1646 4547 1785 4626 tartaris

382 4621 518 4714 gastoni
546 4627 695 4721 scriptus
724 4635 832 4713 fuisso
861 4641 1005 4721 videtur.

1006 4949 1162 4964 *—
