3900 5762
823 437 977 549 „rap-

191 661 248 746 tis
259 657 289 771 ¹)
323 661 433 744 viam
466 663 543 746 sibi
576 663 711 770 gladio
744 664 975 772 aperientes
1007 675 1272 771 parauerunt.
1293 659 1376 746 Ubi
1393 652 1598 771 siquidem

191 783 398 892 Segusam
429 784 736 893 Taurinamque
773 786 962 870 ciuitates
1009 784 1317 890 destruxerunt,
1351 799 1600 894 montesque

190 907 377 1015 prefatos
409 907 676 1014 perforantes
708 909 882 1017 planum
914 908 1160 990 Lombardie
1193 935 1290 990 curn
1307 907 1519 1012 vidissent,
1537 909 1601 1014 to·

191 1045 282 1110 tam
315 1055 423 1137 pene
455 1029 713 1138 prouinciam
747 1031 960 1113 concitatis
993 1031 1182 1114 cursibus
1197 1041 1438 1132 uastauere3
1472 1043 1513 1112 et
1544 1030 1601 1112 ita

190 1151 246 1233 ad
282 1152 495 1260 proprium
528 1179 700 1258 regnum
737 1181 832 1234 cnm
867 1153 1035 1235 victoria
1067 1166 1344 1238 reuertuntur.

352 1413 541 1496 XXXIV.
578 1407 715 1492 Greci
742 1410 1050 1493 deuhountur
1076 1433 1160 1517 per
1185 1411 1448 1516 Bangenos.

355 1639 562 1725 Vicesirno
602 1656 742 1726 autem
781 1644 914 1753 primo
957 1670 1066 1726 anno
1099 1643 1251 1751 egressi
1289 1644 1332 1726 in
1363 1643 1599 1750 Bulgariam

190 1765 468 1864 intrauerunt,
501 1777 543 1846 et
573 1765 670 1847 inde
702 1765 943 1874 Ydropolim
986 1766 1202 1849 venientes
1238 1765 1329 1874 ipsa
1360 1777 1601 1874 expugnata

190 1885 596 1995 Constantinopolim
641 1889 809 1970 tandem
851 1889 1114 1972 obsederunt.
1151 1887 1200 1970 In
1232 1888 1446 1972 obsidione
1478 1887 1601 1994 igitur

190 2009 312 2094 urbis
345 2025 572 2091 memorate
606 2010 799 2117 hungaris
831 2011 1076 2112 constitutis,
1110 2010 1279 2119 quidam
1312 2035 1470 2118 grecus,
1493 2010 1601 2094 sicut

189 2156 323 2242 gygas
358 2131 533 2214 emissus
566 2132 617 2213 de
650 2132 765 2238 urbe,
788 2132 840 2214 ad
867 2133 1112 2217 luctandum
1144 2161 1239 2215 cum
1274 2159 1323 2214 eo
1356 2133 1460 2244 duos
1491 2131 1599 2215 hun·

189 2281 315 2362 garos
349 2251 579 2362 impetebat
609 2254 796 2336 altercari
828 2256 990 2339 dicens:
1023 2255 1136 2364 quod
1168 2255 1201 2338 si
1233 2254 1379 2338 ambos
1411 2281 1495 2336 non
1516 2245 1599 2337 'de-

190 2378 400 2478 uinceret,
443 2402 658 2482 grecorum
707 2377 930 2486 imperator
972 2405 1101 2462 censu
1141 2377 1337 2484 hungaris
1377 2389 1598 2460 teneretur.

189 2499 274 2596 Qui
308 2523 408 2582 eum
442 2498 636 2605 hungaris
669 2499 842 2583 infestus
874 2515 985 2584 esset
1014 2501 1122 2583 ultra
1141 2500 1324 2604 modum,
1343 2527 1475 2583 unum
1501 2525 1600 2582 con·

190 2623 368 2705 trariunr
403 2620 441 2702 ei
473 2620 730 2725 inuenerant,
764 2622 835 2731 qui
867 2623 1082 2731 oppositus
1121 2648 1242 2728 greco
1285 2621 1342 2704 ita
1388 2621 1465 2704 ait:
1512 2620 1599 2730 Ego

189 2746 331 2854 inquit
361 2771 455 2827 sum
471 2742 661 2825 Bothond
692 2758 829 2828 rectus
845 2744 1068 2852 hungarus,
1086 2745 1282 2827 minimus
1298 2745 1599 2852 hungarorum3

190 2869 396 2973 adiungas
428 2865 502 2947 tibi
533 2865 637 2949 duos
669 2892 823 2973 grecos,
845 2893 1023 2974 quorum
1055 2895 1165 2950 unus
1183 2892 1429 2950 conseruare
1449 2866 1600 2950 debeat

190 2990 379 3073 animam
409 2999 524 3069 tuam
557 2988 775 3090 exituram,
808 2988 912 3071 aiter
938 3015 1036 3072 vero
1069 2989 1248 3072 cadauer
1283 3003 1404 3072 tuum
1436 2990 1598 3072 subter·

191 3109 488 3221 (37)randum,
524 3109 621 3217 quia
668 3111 894 3195 certissime
931 3112 1170 3194 censualem
1201 3111 1352 3194 faciam
1383 3135 1599 3218 grecorum

192 3237 490 3343 imperatorem
521 3233 634 3338 genti
665 3259 770 3314 mee.
791 3232 912 3315 Unde
938 3233 1178 3342 capitaneus
1211 3234 1491 3341 hungarorum
1524 3258 1597 3314 no·

192 3358 308 3439 mine
342 3353 486 3462 Opour
517 3354 590 3461 qui
619 3348 719 3462 illi²)
763 3356 963 3438 exercitui
1003 3356 1055 3438 de
1099 3355 1310 3438 communi
1319 3349 1352 3462 ⁸)
1384 3354 1598 3437 voluntate

192 3481 331 3562 fuerat
363 3475 622 3578 constitutus
654 3477 773 3560 iussit
792 3477 952 3559 Botond
986 3505 1083 3560 curn
1116 3477 1286 3560 dolabro
1318 3502 1394 3561 suo
1426 3502 1597 3585 pergere

193 3614 339 3684 contra
371 3611 533 3708 portam
565 3598 678 3683 urbis
711 3626 793 3707 que
827 3613 913 3682 erat
929 3599 1151 3704 metallina,
1171 3614 1213 3681 et
1237 3599 1279 3681 in
1310 3611 1428 3709 porta
1460 3598 1598 3681 decla·

193 3750 285 3806 rare
321 3722 425 3804 vires
458 3747 555 3804 suas
587 3749 683 3804 cum
702 3721 883 3804 dolabro.
903 3721 1086 3804 Veniens
1103 3739 1243 3804 autern
1261 3749 1396 3832 usque
1422 3733 1597 3830 portam,

193 3847 322 3929 talem
355 3843 483 3929 ictum
518 3856 560 3925 et
592 3870 778 3926 cesuram
814 3843 855 3926 in
888 3844 978 3952 ipsa
1009 3857 1127 3953 porta
1162 3845 1310 3928 fecisse
1342 3843 1594 3953 perhibetur,

195 3968 308 4078 quod
342 3994 447 4076 puer
478 3992 681 4047 annorum
715 3967 900 4074 quinque
933 3967 1175 4076 peripsum
1208 3967 1394 4050 foramen
1420 3965 1535 4050 exire
1557 3977 1599 4050 et

194 4091 346 4173 intrare
378 4089 476 4174 satis
508 4087 618 4195 large
651 4089 863 4195 potuisset.
890 4089 1014 4171 Facto
1031 4115 1213 4198 namque
1231 4089 1469 4200 spectaculo
1485 4088 1595 4171 hun·

194 4239 388 4321 garorum
422 4223 462 4294 et
494 4236 721 4318 grecorum,
754 4224 897 4318 parata
928 4239 1023 4293 area
1056 4213 1108 4294 ad
1130 4211 1371 4294 certandum
1389 4224 1484 4294 ante
1502 4236 1597 4319 por·

195 4351 280 4418 tarn
315 4335 440 4432 urbis,
476 4360 604 4442 parua
636 4332 736 4414 hora
768 4333 892 4415 simul
925 4334 964 4414 in
997 4362 1127 4416 unum
1162 4333 1417 4433 dimicantes,
1451 4360 1597 4440 grecus

196 4458 237 4542 in
273 4471 423 4540 terram
458 4483 532 4564 per
562 4454 797 4561 hungarum
815 4467 877 4538 cst
894 4456 1097 4559 detrusus
1117 4471 1158 4536 et
1187 4455 1325 4560 statim
1359 4455 1447 4538 sine
1483 4479 1596 4536 mora

196 4579 386 4690 spiritum
420 4577 613 4660 exalauit.
632 4575 753 4672 Quod
784 4578 941 4659 factum
975 4593 1016 4658 ot
1048 4604 1190 4660 casum
1223 4603 1437 4682 grecorum
1462 4576 1594 4686 impe·

357 4851 382 4947 ¹)
411 4856 506 4930 locus
534 4853 755 4948 deprecatum
785 4855 873 4948 apud
903 4854 1115 4930 Turocrium.
1149 4852 1432 4942 „Senonensiun
1449 4851 1595 4945 populos

197 4959 500 5036 exterminantes“
534 4951 561 5052 ¹)
590 4958 686 5033 illum
715 4959 794 5033 (iod.
826 4951 853 5050 ³)
883 4959 1149 5035 communitatis.
1179 4959 1217 5033 Τ.

1459 5091 1494 5152 18
