3896 5758
802 496 956 599 —1-8-7-

440 835 544 918 LIX.
577 831 646 911 Dc
673 830 975 912 coronacione
1002 827 1158 935 beyno
1183 830 1324 936 regia

335 1080 459 1160 Porro
491 1081 619 1162 duces
651 1079 788 1188 Geysa
820 1093 861 1160 et
891 1079 1105 1162 Ladizlaus
1147 1107 1243 1160 cum
1287 1079 1473 1162 exercitu
1510 1077 1584 1160 Al-

178 1202 276 1284 bam
311 1215 529 1284 uenerunt.
575 1199 738 1282 Deinde
781 1216 960 1284 castrum
1003 1215 1118 1310 porte
1159 1202 1325 1284 Bobutb
1358 1215 1400 1283 et
1432 1201 1582 1283 Albam

176 1350 229 1404 ac
260 1323 343 1405 alia
375 1339 508 1406 castra
546 1325 860 1406 fortissimorum
904 1325 1080 1406 militum
1122 1325 1301 1432 presidio
1334 1325 1580 1423 munientes

179 1445 435 1553 dimissoque
467 1447 663 1545 exercitu,
699 1445 943 1529 babitabant
968 1447 1008 1528 in
1042 1445 1266 1552 Hungaria.
1298 1446 1416 1529 Tunc
1448 1446 1586 1554 Geysa

178 1568 266 1650 dux
300 1567 475 1673 Magnus
507 1567 854 1676 compellentibus
885 1569 1091 1674 hungaris,
1127 1595 1321 1649 cornuam
1354 1570 1466 1674 regni
1493 1595 1582 1650 sus·

177 1691 300 1798 cepit.
331 1691 429 1772 Post·
460 1692 773 1772 coronacionem
806 1705 945 1773 autem
979 1692 1153 1773 ueniens
1169 1691 1209 1770 iu
1228 1691 1366 1771 locum
1385 1691 1584 1772 ubilacta

176 1812 282 1894 uisio
313 1813 459 1916 fuerat,
493 1831 534 1894 et
566 1827 767 1920 ceperunt
806 1841 901 1896 curn
939 1815 1061 1895 fratre
1104 1839 1180 1896 suo
1211 1811 1401 1893 Ladizlao
1433 1839 1584 1920 prepo-

176 1961 275 2016 nere
318 1935 371 2017 de
411 1934 503 2016 loco
545 1936 804 2018 fundamenti
853 1935 1026 2018 ecclesie
1067 1935 1117 2016 ad
1160 1935 1358 2016 bonorem
1408 1934 1584 2039 Virginis

176 2057 319 2138 matris
332 2052 361 2164 ¹)
393 2057 643 2139 fabricanda.
676 2057 728 2138 Et
759 2057 860 2139 dum
892 2059 948 2140 ibi
980 2069 1136 2140 starent
1166 2057 1285 2138 iuxta
1301 2055 1485 2158 Vaciam,
1511 2057 1583 2138 ubi

174 2206 290 2260 nune
323 2192 386 2264 est
418 2179 593 2262 ecclesia
624 2180 736 2261 beati
767 2180 874 2260 Petri
905 2180 1092 2288 apostoli,
1124 2179 1317 2287 apparuit
1348 2179 1407 2261 eis
1434 2205 1583 2260 ceruus

176 2300 336 2382 habens
368 2328 524 2383 cornua
555 2303 680 2409 plena
711 2302 951 2384 ardentibus
984 2302 1180 2404 candelis,
1213 2301 1408 2408 cepitque
1440 2301 1583 2406 fugere

176 2449 315 2504 coram
350 2424 408 2506 eis
440 2453 584 2506 tersus
615 2423 777 2528 siluam,
808 2440 849 2504 et
880 2425 919 2505 iu
953 2425 1044 2506 luce
1077 2424 1147 2507 ubi
1180 2452 1292 2505 nuuc
1325 2436 1387 2504 est
1419 2448 1583 2506 monas·

175 2545 324 2626 terium
369 2545 462 2627 fixit
503 2547 632 2654 pedes
674 2573 783 2628 suos.
832 2545 965 2642 Quem
1008 2574 1104 2628 cum
1148 2544 1298 2628 milites
1330 2545 1582 2650 sagittarent,

174 2668 348 2774 proiecit
378 2695 423 2750 se
455 2670 495 2749 in
528 2666 782 2772 Danubium,
816 2681 858 2748 et
890 2696 985 2749 emn
1019 2669 1126 2750 ultra
1157 2693 1241 2748 non
1266 2667 1472 2749 uiderunt.
1490 2665 1582 2762 Quo

173 2790 264 2872 uiso
297 2791 445 2874 beatus
476 2790 691 2874 Ladizlaus
722 2790 801 2871 ait:
835 2789 941 2872 Vere
974 2817 1057 2871 non
1091 2817 1251 2892 cerum,
1294 2790 1367 2871 sed
1408 2789 1582 2896 angelus

173 2911 238 2993 dei
273 2925 372 2994 erat.
405 2912 457 2993 Et
487 2913 594 2994 dixit
626 2914 760 3022 Geysa
793 2939 889 2992 rex:
921 2909 999 2992 Dic
1016 2911 1142 2992 michi
1159 2912 1308 2992 dilecte
1325 2913 1460 3014 trater,
1479 2911 1580 3018 quid

173 3033 257 3115 fieri
292 3035 441 3117 uolunt
473 3061 617 3117 omnes
650 3036 822 3116 candele
854 3034 1045 3116 ardentes
1077 3033 1225 3115 uisein
1243 3033 1437 3114 comibus
1456 3032 1580 3114 cerui.

173 3154 400 3264 Respondit
431 3157 578 3239 beatus
609 3157 835 3258 LadizlauS,
854 3183 936 3237 non
970 3169 1067 3238 sunt
1098 3180 1254 3236 cornua
1285 3155 1357 3236 sed
1390 3154 1467 3256 ale,
1495 3181 1576 3234 non

172 3293 270 3360 sunt
309 3279 482 3360 candele
524 3279 726 3382 ardentes,
770 3279 842 3362 sed
885 3305 1023 3386 penne
1065 3276 1283 3381 fulgentes,
1321 3276 1417 3383 (88)
1450 3275 1577 3384 pedes

172 3426 270 3482 uero
304 3401 406 3504 fixit,
440 3403 538 3508 quia
568 3401 625 3483 ibi
657 3402 794 3482 locum
828 3399 1138 3499 demonstrauit,
1156 3396 1438 3480 utecclesiam
1456 3399 1577 3478 beate

172 3517 368 3630 Virgini²)
401 3550 482 3604 non
516 3523 628 3626 alias,
660 3524 738 3604 nisi
771 3523 838 3604 hic
870 3522 1050 3603 edificari
1080 3521 1325 3606 laceremus,
1349 3518 1405 3600 Vt
1435 3533 1576 3601 autern

172 3644 287 3727 locus
319 3647 451 3752 prime
483 3645 653 3728 uisionis
685 3672 767 3727 non
801 3646 853 3728 sit
888 3645 977 3726 sine
1010 3643 1182 3744 edificio,
1214 3667 1239 3722 a
1271 3637 1447 3749 Geyse³)
1481 3669 1576 3748 rege

172 3780 213 3846 at
254 3767 339 3850 suis
379 3769 573 3850 fratribus
615 3769 831 3850 decretum
871 3778 944 3866 est,
978 3781 1025 3848 ut
1054 3765 1112 3846 ibi
1155 3763 1315 3872 capella
1346 3763 1575 3846 inhonore

171 3887 280 3970 beati
320 3888 427 3970 Petri
467 3891 664 3998 principis
705 3889 985 3998 apostolorum
1025 3887 1280 3970 fundaretur.
1331 3884 1421 3968 Rex
1453 3886 1576 3993 igitur

171 4009 307 4120 Geysa
338 4011 529 4094 fundauit
560 4013 777 4094 ecclesiam
811 4011 1069 4111 Vaciensem,
1104 4023 1145 4090 et
1176 4009 1336 4090 dotauit
1356 4034 1446 4090 eam
1480 4038 1574 4117 pre-

171 4131 246 4215 diis
278 4134 420 4216 multis
453 4151 495 4215 et
525 4135 868 4242 possessionibus.
902 4132 994 4213 Non
1026 4131 1161 4214 solum
1194 4130 1410 4213 ecclesiam
1444 4130 1570 4232 illam,

169 4281 316 4337 uerum
350 4257 472 4338 etiam
507 4258 756 4360 Budensem,
789 4257 855 4339 cui
889 4255 1100 4337 constituit
1119 4255 1320 4335 tributum
1353 4253 1405 4333 de
1437 4252 1572 4356 Pesth,

171 4391 211 4458 et
241 4390 324 4460 tres
356 4379 476 4460 uillas
509 4380 549 4459 iu
584 4379 763 4486 SimigiO,
796 4407 844 4461 ac
877 4391 1120 4459 ornamenta
1151 4375 1348 4484 preciosa.

323 4499 383 4583 Eo
424 4517 609 4609 tempore
649 4503 809 4584 Bisseni
848 4499 1098 4583 unanimiter
1136 4509 1386 4604 rogauerunt
1433 4525 1571 4604 regern

170 4619 360 4730 Geysam‚
392 4637 440 4705 ut
471 4624 504 4706 si
537 4651 607 4706 eos
640 4624 816 4705 libertati
849 4625 1031 4722 donaret,
1063 4620 1141 4728 ipsi
1172 4621 1350 4704 insultus
1376 4620 1482 4727 regis
1499 4619 1572 4702 Sa·

169 4741 343 4827 lonronis
375 4747 544 4827 omnino
576 4746 852 4850 cohercerent,
893 4746 951 4826 ita
991 4743 1100 4850 quod
1144 4769 1223 4824 nec
1254 4743 1426 4826 auderet
1457 4744 1572 4830 exire

170 4919 374 4928 ——-——

275 5003 300 5110 ¹)
328 5006 467 5082 Mariae.
496 5007 536 5082 T.
567 5004 594 5110 ¹)
623 5007 790 5105 Virginis
822 5005 903 5100 ³)s
