3898 5752
811 473 966 574 —2-45-

182 699 285 788 sent,
329 688 437 770 istud
482 701 623 770 tamen
666 689 724 771 eis
767 688 926 791 accidit,
970 715 1023 770 ne
1064 699 1232 796 propter
1271 688 1541 770 uictoriarum
1554 681 1584 795 ¹)

181 810 464 916 frequenciam
499 812 771 918 superbirent,
803 811 871 892 vel
905 823 1014 892 certe
1047 823 1141 918 post
1172 811 1409 917 superbiam
1444 837 1588 917 prece·

181 932 349 1013 dentem
383 933 696 1040 corriperentur,
728 945 776 1014 ut
807 933 1083 1015 humilitatem
1127 933 1343 1035 discerent
1383 945 1425 1012 et
1465 932 1588 1013 dooe-

180 1068 282 1156 rent,
318 1050 565 1162 quatenus²)
583 1069 698 1143 diuino
726 1069 920 1144 dilectionis
948 1069 1093 1164 gratiam
1113 1093 1175 1163 per
1194 1072 1335 1163 paterne
1363 1068 1587 1143 correctionis

179 1191 317 1286 flagella
353 1189 523 1290 uberius³)
561 1195 793 1266 mererentur:
835 1192 913 1284 quia
940 1191 1020 1267 ilios
1055 1189 1198 1286 corrigit
1226 1191 1309 1264 deus
1344 1193 1453 1284 pater,
1484 1213 1587 1286 quos-

178 1313 307 1408 diligit.

291 1537 601 1639 purermano.
640 1544 669 1633 ²)
706 1541 772 1616 Hie
799 1539 928 1615 desinit
956 1540 991 1613 in
1021 1539 1134 1614 media
1161 1539 1253 1612 linea
1298 1541 1416 1629 codex,
1450 1539 1588 1634 integra

181 1644 310 1738 pagina
338 1649 501 1739 sequente
530 1669 646 1720 uacua.
676 1645 857 1721 Librarius
886 1668 1007 1738 nempe
1041 1645 1191 1720 codicem
1218 1645 1261 1717 ad
1288 1644 1391 1718 finem
1419 1667 1487 1718 non
1507 1665 1585 1738 per-

181 1749 293 1824 duxit.
325 1747 353 1844 ³)
381 1749 597 1844 impressius.
627 1752 665 1826 T.

340 1959 530 2034 Chronioon
550 1961 750 2054 acephalum
769 1958 948 2054 subiungit
966 1957 1033 2032 iter
1052 1959 1164 2033 Caroli
1189 1957 1282 2053 regis
1302 1961 1336 2032 et
1351 1957 1416 2031 filii
1431 1955 1587 2032 Andreae

180 2079 338 2155 italicum
364 2082 445 2156 anni
475 2084 587 2174 1333,
616 2087 650 2157 et
678 2082 714 2156 in
742 2083 810 2156 tine
838 2089 957 2156 narrat
984 2081 1116 2156 obitum
1143 2081 1246 2176 regis.

338 2225 463 2306 Porro
494 2227 700 2332 sepedictus
737 2253 808 2306 rea
848 2225 1017 2307 Karalus
1060 2230 1244 2307 coutinuis
1284 2239 1317 2305 ct
1344 2229 1585 2332 prauissiuu's

179 2347 364 2428 laborans
393 2349 685 2458 infirmitatibus,
722 2378 817 2458 qrrus
848 2353 1013 2429 inarime
1044 2353 1084 2428 iu
1110 2347 1271 2452 pedibus
1304 2360 1338 2427 et
1368 2346 1543 2427 prouidus
1560 2377 1585 2428 u

179 2471 292 2578 leupo
326 2485 490 2576 teurpore
519 2471 745 2576 potiebatur,
783 2485 817 2551 ct
843 2497 916 2575 per
947 2500 1010 2552 eos
1040 2475 1201 2550 nimium
1244 2468 1491 2580 efficiebatur,
1533 2469 1587 2549 ud

179 2606 389 2673 extremum
421 2593 617 2674 deueuieas
649 2622 751 2675 αααο
785 2594 930 2673 domiui
958 2591 1230 2674 MCCCXLII
1240 2592 1586 2702 r'lluecsccrrteferiu

179 2720 297 2796 tercio
322 2720 509 2818 prou-imo
534 2731 623 2821 post
648 2718 788 2826 festum
820 2715 922 2795 beate
953 2717 1170 2822 rllurpurcte
1201 2719 1361 2823 uirpiuis
1392 2718 1432 2794 iu
1459 2726 1583 2795 castro

185 2835 416 2945 Wysseprud
446 2839 525 2918 loco
558 2868 622 2920 sue
649 2837 900 2920 lurlritucioru's
932 2841 1114 2945 urr'pruuit
1145 2838 1198 2918 ud
1229 2838 1435 2918 domiuum.
1472 2835 1586 2917 Crrirrs

177 2985 318 3064 corpus
355 2961 460 3066 ferio
490 2975 595 3042 serto
624 2966 810 3065 proeium
847 2974 936 3064 post
974 2989 1084 3040 suum
1125 2961 1312 3041 decessum
1351 2964 1391 3038 iu
1434 2958 1586 3040 ecclesia

177 3081 336 3162 Albensi
364 3095 462 3162 terre
490 3089 634 3191 premio
668 3083 963 3164 commendatur.
995 3083 1188 3189 Repuuuit
1219 3095 1343 3163 auteur
1375 3110 1400 3161 a
1421 3094 1586 3184 ternpore

176 3232 241 3284 sue
273 3209 538 3286 corormciom's
569 3234 654 3287 curu
685 3219 818 3287 sarecto
850 3230 994 3285 corouu
1024 3203 1206 3286 XXXII
1230 3209 1341 3284 aunis
1365 3201 1426 3282 VI
1448 3209 1584 3282 iriensi·

178 3323 255 3431 bus,
291 3340 325 3408 et
363 3327 448 3407 VII.
480 3328 618 3410 dicbus.

621 3555 689 3634 De
719 3553 976 3634 Lodouieo
1009 3580 1136 3660 repe.

340 3763 523 3846 Successit
554 3778 678 3846 utitem
712 3763 784 3844 sttt
826 3761 1040 3843 bodonicus
1074 3764 1175 3857 filius
1206 3767 1302 3861 eus,
1345 3791 1454 3872 quem
1495 3790 1584 3842 error

178 3885 318 3966 ibidem
350 3892 464 3967 tercio
497 3889 556 3968 elie
584 3901 671 3992 post
701 3886 990 3966 trruurlacioueru
1022 3889 1083 3965 sui
1125 3890 1261 3989 putris,
1313 3886 1478 3966 uidelicet
1523 3885 1583 3964 die

180 4009 374 4090 doruuricu
399 4015 583 4114 proeium
616 4023 700 4091 erate
723 4009 867 4119 festum
899 4008 1001 4088 berito
1031 4009 1179 4088 Μανία.
1192 4008 1417 4115 rllupdulene
1441 4006 1582 4088 truten-

180 4145 251 4210 teru
283 4131 418 4212 XVII
441 4161 562 4213 curros
592 4160 657 4213 sue
688 4135 803 4232 etatis,
822 4130 1051 4210 reuerendus
1064 4144 1177 4234 puter
1194 4131 1368 4210 dorru'uus
1389 4130 1583 4212 Chouudi·

179 4281 251 4333 uus
281 4255 586 4360 archiepiscopus
620 4254 885 4361 Stripom’eusis
918 4281 963 4333 uc
995 4253 1064 4332 olii
1088 4256 1253 4356 episcopi
1268 4267 1301 4332 et
1309 4253 1455 4357 prelati
1469 4253 1546 4333 eccl
1565 4298 1581 4314 ·

178 4380 327 4455 siarum
368 4375 533 4484 Vapurie
565 4383 632 4486 qui
670 4391 757 4458 tuuc
784 4387 992 4479 potrmruut
1020 4375 1158 4476 adesse,
1192 4403 1276 4454 cum
1310 4374 1481 4454 orrruibus
1513 4373 1581 4455 du·

178 4497 335 4578 renibus
380 4505 490 4606 requi
534 4503 763 4581 rrurruiuritcr
809 4511 842 4576 et
888 4497 1125 4578 concorditer
1157 4502 1196 4576 iu
1220 4498 1399 4602 predicta
1430 4498 1582 4577 ccclesia

178 4617 281 4700 beate
313 4624 473 4729 uiryiuis
504 4621 599 4703 Albe
629 4649 714 4705 crrur
744 4634 878 4701 sarecto
911 4646 1056 4700 corouu
1085 4618 1338 4725 sollempniter
1368 4635 1402 4703 et
1425 4621 1580 4704 lionori-

172 4744 244 4845 fice
275 4759 522 4826 coronarunt.
