3896 5758
998 496 1153 598 Ab„

375 709 713 796 Natnoueimar.
755 709 868 792 Exiit
910 722 1050 793 antem
1094 710 1274 794 edietum
1309 739 1333 793 a
1364 739 1459 818 rege
1502 723 1543 793 et
1580 710 1699 815 duee,
1727 729 1765 792 nt

375 834 597 918 uniuersus
616 835 823 916 exereitus
836 835 1114 938 lmngarouun
1135 835 1381 941 quantocius
1398 834 1588 916 transiret
1603 833 1764 915 fluuium

376 957 528 1038 Zauam
562 956 604 1036 iu
635 955 883 1060 Bnlgariam.
918 955 1037 1036 Greci
1070 970 1209 1038 nutem
1253 969 1294 1036 et
1336 956 1494 1062 bulgari
1534 956 1766 1062 nauigantes

376 1081 415 1160 iu
451 1078 664 1160 eelonibns
697 1079 781 1159 suis
816 1107 888 1186 per
921 1078 1083 1183 ingenia
1115 1079 1339 1160 sulllabant
1376 1081 1490 1183 ignes
1532 1077 1766 1186 sulphureos

375 1202 416 1283 iu
452 1226 580 1282 naues
613 1201 904 1305 hungarorum,
938 1215 978 1281 et
1012 1227 1081 1282 eas
1113 1202 1153 1280 in
1190 1201 1286 1308 ipsis
1328 1202 1446 1307 aquis
1487 1200 1765 1282 incendebant.

375 1322 482 1404 Vieti
515 1339 612 1404 sunt
643 1337 784 1403 antem
819 1323 1014 1426 igniuomi
1049 1323 1157 1426 greei
1201 1323 1253 1404 ab
1297 1324 1490 1428 hungaris
1533 1351 1605 1429 pre
1639 1321 1767 1403 umlti·

374 1445 517 1527 tudine
567 1445 759 1546 nauium,
806 1445 957 1551 ‹ptilms
996 1445 1152 1526 flumen
1201 1459 1460 1552 operuerant.
1507 1445 1767 1550 Fugientibus

374 1581 513 1650 autem
547 1568 677 1672 greeis
710 1593 757 1647 ae
792 1567 982 1670 bulgaris,
1017 1566 1265 1647 transierunt
1296 1567 1468 1670 hungari
1507 1579 1547 1647 et
1579 1567 1766 1647 terminos

376 1688 996 1798 mmmmmnmmmmmmn

529 1811 620 1894 Rex
655 1823 793 1894 autem
828 1824 869 1892 et
901 1811 986 1891 dux
1021 1810 1321 1892 seeundaferin
1342 1811 1765 1911 transierunt.lanam,

374 1948 416 2016 et
449 1960 572 2015 mane
604 1936 712 2015 laetis
746 1933 1040 2015 ordinauerunt
1072 1934 1180 2014 aeies
1213 1959 1321 2034 snas,
1347 1946 1388 2013 et
1419 1934 1552 2040 plenis
1584 1933 1768 2040 manipn-

373 2056 423 2140 lis
455 2056 540 2140 suis
567 2056 855 2138 uniuersaliter
888 2083 961 2162 per
992 2069 1148 2136 turmas
1182 2080 1277 2136 suas
1320 2055 1480 2136 insertis
1523 2055 1768 2136 umbonibus

376 2179 629 2262 obsederunt
661 2177 884 2258 einitatem.
918 2177 1038 2257 Greci
1069 2177 1192 2280 igitur
1225 2191 1265 2256 et
1296 2177 1454 2281 bulgari
1496 2177 1689 2258 timentes
1721 2203 1767 2256 ex

374 2299 588 2396 obsidione
622 2299 854 2406 perieulum
888 2299 966 2380 sibi
999 2298 1213 2378 imminere
1247 2299 1679 2383 orauernntllissenos
1702 2325 1770 2406 per

373 2419 1769 2527 dmndmmmmsmmdmtnsmepmmmrmmmmiuamu

372 2545 521 2626 tou'um
556 2545 751 2652 ipsorum,
771 2544 946 2649 eoquod
967 2570 1044 2622 neo
1062 2569 1136 2622 rex
1154 2569 1230 2622 nee
1265 2543 1349 2624 dux
1386 2542 1595 2625 eiuitatem
1631 2570 1765 2623 eornm

373 2666 614 2768 obsedisset,
647 2666 718 2746 sed
752 2677 914 2746 tantum
948 2691 1088 2745 (ornes
1120 2663 1199 2743 vid
1233 2695 1328 2746 oum
1363 2665 1662 2748 llaebieusibus
1698 2663 1768 2743 mi-

372 2786 1765 2891 mmmemmmmmmssmdmfflbmmmmfflmffimmbmmm

372 2911 546 3012 sednon,
589 2911 831 2992 lesnnanter
869 2921 1075 2990 uenerunt
1116 2907 1156 2988 in
1201 2909 1447 2990 tubunninnr
1491 2911 1684 3016 ipsornnu
1727 2921 1766 2986 et

373 3033 599 3142 eupiditate
633 3032 757 3139 prede
790 3031 938 3130 allecti,
957 3056 1081 3136 qnam
1116 3030 1167 3110 de
1201 3031 1458 3139 eornitel'yd
1481 3032 1645 3114 deuicto
1676 3055 1764 3136 spe-

374 3156 521 3238 rabant
552 3181 597 3236 se
630 3155 793 3256 habere,
829 3152 1049 3261 precipites
1065 3152 1272 3234 irruerunt
1290 3179 1415 3261 super
1440 3155 1600 3259 agmina
1620 3153 1764 3258 Supre-

371 3275 591 3378 nieneium,
611 3303 787 3383 qnorum
823 3289 955 3355 roetor
973 3286 1059 3354 erat
1076 3300 1215 3355 eomes
1231 3273 1309 3355 dan
1329 3277 1508 3357 mnnine.
1538 3275 1614 3355 Hie
1631 3291 1762 3355 antem

373 3400 552 3482 insultus
584 3399 799 3481 bessorum
835 3395 1004 3479 uiriliter
1037 3409 1077 3476 et
1107 3396 1264 3476 fortiter
1297 3426 1391 3478 enm
1420 3396 1763 3506 Suprnniensibns

372 3517 1758 3629 mmmmm,mmbmsmmmrmfflmnnrmegbfflimmmms

370 3643 548 3727 residuis
581 3657 719 3725 antem
755 3670 895 3723 einum
932 3641 971 3721 in
1005 3640 1285 3746 eaptinitatem
1322 3643 1514 3726 subactis.
1578 3642 1761 3747 Princeps

370 3768 631 3850 bissenorum
666 3763 832 3845 nomine
853 3765 981 3844 llazar
1002 3790 1096 3843 enm
1116 3763 1374 3868 paucissimis
1397 3764 1591 3870 fugiendo
1623 3787 1761 3844 manns

370 3889 648 3993 hungarorum
684 3886 753 3966 vix
789 3885 932 3966 enasit.
966 3883 1054 3963 Rex
1087 3883 1209 3989 igitur
1242 3899 1282 3966 et
1299 3885 1386 3990 dns
1405 3887 1539 3968 eidem
1557 3885 1673 3965 militi
1688 3883 1759 3964 lan

369 4002 545 4091 munera
576 4008 727 4114 regalia
759 4007 1067 4113 eondignasque
1100 4020 1233 4109 grates
1262 4003 1547 4115 libera-litate¹)
1581 4006 1757 4088 contule·

369 4126 1757 4238 amteoquuimenmmtmmauennmmsummanu-

365 4254 428 4363 pis
460 4252 774 4362 limpidissimus
806 4277 907 4332 uasa
939 4249 1079 4330 fictilia
1112 4251 1382 4354 eunti-inisset,
1417 4253 1656 4360 priusquam
1689 4275 1756 4329 rer

366 4371 1756 4482 etmmemnemmmrmodegmmmbemmabmmmt

363 4498 462 4606 Regi
495 4515 636 4580 antem
669 4509 710 4577 et
749 4495 925 4578 ‹luoibus
958 4495 1094 4601 (leysa
1135 4509 1176 4576 et
1208 4496 1396 4578 Ladizlao
1438 4522 1564 4603 super
1604 4521 1754 4602 rupem,

364 4647 447 4727 que
479 4621 612 4702 eidem
647 4618 802 4701 ciuitati
830 4617 1020 4727 proxima
1037 4628 1108 4714 est,
1130 4618 1416 4720 residentibus,
1435 4631 1636 4725 oeperunt
1656 4617 1752 4697 hun·

364 4742 447 4847 gari
482 4757 717 4851 presentare
750 4754 892 4848 eaptos
924 4739 1110 4820 bissenos
1145 4753 1185 4819 et
1217 4741 1352 4847 eapita
1373 4741 1690 4842 interleetomm,
1720 4749 1755 4817 et

368 4931 573 4941 ...—-——--0-

475 4999 498 5104 ί)
528 5001 670 5096 supple:
699 4999 804 5096 regia.
834 4999 941 5094 Tobly
985 4995 1354 5094 „liberaliter“posnil
1375 5003 1492 5074 eornm
1522 5001 1596 5078 eod.
