4024 5776
1003 372 1158 486 *ra*

380 612 420 680 et
453 595 560 706 nque
578 593 762 680 'danubii
795 599 828 681 si
860 597 942 681 siut
973 600 1163 684 meliores
1195 601 1314 707 aquis
1331 600 1561 710 thanaydis
1590 601 1642 684 Et
1664 594 1782 718 datal

380 721 438 804 eis
487 720 702 826 legatione,
740 720 912 802 diuersis
961 747 1030 804 eos
1079 723 1321 804 muneribus
1371 723 1529 826 ditauit
1574 739 1615 805 et
1663 739 1784 832 capta

380 837 690 959 belneuolencia
723 869 864 925 eorum
899 844 1120 950 repatriare
1153 845 1351 951 precepit.
1385 845 1502 927 'I'uno
1536 845 1623 927 dux
1656 845 1783 954 arpad

379 965 479 1046 inito
513 957 693 1080 consillia
729 965 874 1046 eodem
902 965 1025 1045 modo
1053 966 1163 1047 misit
1189 967 1364 1048 nuncios
1391 993 1488 1049 suos
1515 968 1564 1048 ad
1592 970 1782 1051 salanum

380 1086 542 1189 ducem,
577 1101 618 1168 et
644 1081 792 1194 ‘misit'l
823 1087 858 1168 ei
892 1087 971 1167 XII
1003 1087 1119 1170 albos
1153 1114 1294 1194 equos,
1329 1102 1370 1169 et
1402 1089 1482 1170 XII
1515 1091 1707 1192 carnelos,
1741 1105 1784 1171 et

320 1209 459 1292 ‘25XII
490 1235 640 1315 pucros
659 1210 909 1310 cumanicos,
940 1206 945 1319 1
975 1226 1016 1288 ct
1048 1209 1212 1291 ducisse
1244 1209 1325 1290 XII
1358 1211 1516 1317 puellas
1544 1212 1781 1294 rutlrenicas

379 1331 732 1438 prudentissimas,
752 1345 792 1412 et
826 1331 1047 1412 duodecim
1077 1332 1081 1437 1
1110 1332 1242 1439 pelles
1276 1332 1574 1436 er·1nelinas‚et
1605 1335 1683 1416 XII
1715 1361 1782 1414 zo·

379 1453 507 1556 bolos,
542 1469 583 1534 et
615 1453 693 1533 XII
725 1453 851 1560 pallia
884 1453 1091 1534 deaurata.
1124 1453 1208 1560 Etl
1238 1454 1475 1536 missisunt
1503 1455 1543 1535 in
1575 1455 1781 1562 legatione

379 1575 448 1657 illa
480 1575 530 1658 de
564 1576 833 1658 nobilioribus
866 1575 1052 1682 personis
1086 1573 1239 1657 Onndu
1282 1569 1410 1691 palter
1446 1577 1564 1680 Eme,
1599 1591 1640 1658 et
1679 1580 1783 1660 alter

378 1697 497 1778 Ketel
548 1711 664 1805 pater
711 1697 980 1804 oluptulmae.
1028 1697 1081 1778 Et
1121 1697 1269 1778 iterum
1306 1699 1508 1781 miSerunt
1536 1701 1541 1808 1
1571 1700 1781 1808 quendam

318 1841 368 1914 30
378 1820 708 1902 strenuissiumm
743 1820 914 1900 militem
949 1820 1118 1900 nomine
1150 1819 1279 1901 tursol
1298 1846 1423 1902 causa
1440 1814 1689 1937 spectaculi,
1709 1823 1781 1930 qui

377 1942 599 2051 inspiceret
631 1942 871 2050 qualitatem
906 1954 1023 2044 terre,
1058 1956 1100 2022 ct
1135 1941 1262 2024 cicius
1296 1969 1488 2025 reuersus
1530 1944 1741 2026 nuntiaret
1774 1939 1778 2060 1

378 2099 544 2180 domino
562 2125 637 2181 suo
670 2098 765 2179 duci
783 2098 921 2206 arpad.
953 2092 1083 2173 XXV
1109 2094 1178 2174 De
1207 2069 1391 2212 numero
1420 2102 1587 2178 caeno.

377 2220 489 2304 Missi
523 2246 621 2302 uero
654 2221 780 2328 arpad
813 2219 930 2303 ducis
953 2220 1096 2301 ouudu
1128 2233 1246 2328 pater
1278 2223 1384 2325 etlre,
1414 2236 1455 2303 et
1487 2223 1608 2304 Ketel
1641 2219 1781 2340 pater)

378 2344 611 2451 oluptulrna
643 2357 684 2424 et
715 2343 843 2425 turzol
878 2343 994 2424 miles
1028 2368 1243 2445 cumanus,
1279 2345 1398 2426 cuius
1431 2345 1673 2452 genealogia
1711 2345 1783 2427 de·

376 2459 483 2581 fe{cit
515 2466 556 2546 in
589 2479 722 2548 semet
754 2465 855 2573 ips0‚
889 2464 1105 2546 uenientes
1137 2464 1311 2547 fluuium
1346 2466 1517 2573 Budrug
1548 2480 1782 2551 transnata-

265 2581 538 2704 XV.1ueIrunt
569 2587 610 2668 in
639 2587 707 2668 illo
734 2589 837 2690 IocO,
855 2586 928 2668 ubi
944 2613 1099 2693 paruus
1116 2586 1269 2670 fluuius
1286 2614 1460 2670 manans
1478 2615 1501 2670 a
1519 2590 1780 2672 satnrbolmu

377 2703 600 2826 desueridit
633 2710 674 2790 iu
707 2710 887 2814 Budrug.
914 2708 966 2789 Et
997 2708 1056 2790 sic
1097 2721 1358 2792 transeuntes
1400 2710 1575 2793 fluuium
1610 2712 1781 2818 Budrug

377 2862 473 2915 oum
506 2825 749 2948 preldictum
781 2858 959 2940 paruum
992 2830 1167 2913 fluuium
1184 2832 1404 2914 transirent
1431 2833 1548 2939 quasi
1573 2834 1656 2937 leti,
1675 2847 1776 2915 tunc

376 2949 787 3070 pe1·iuunda[tione1n
805 2981 1006 3061 aquarum
1025 2953 1145 3034 IIetel
1163 2979 1275 3060 equo
1301 2954 1547 3057 offendente,
1565 2956 1778 3063 inaquam

342 3078 616 3172 5subrne1·sus
650 3089 723 3179 est,
758 3091 799 3158 et
827 3075 832 3186 1
861 3076 981 3158 sociis
1013 3075 1098 3158 suis
1130 3076 1425 3158 adiuuantibus
1457 3076 1533 3160 uix
1565 3105 1589 3159 a
1620 3078 1704 3159 leto
1730 3079 1777 3160 li·

376 3202 542 3284 beratus
576 3214 648 3283 est.
692 3199 809 3281 Tune
841 3197 993 3280 fluuius
1035 3198 1103 3278 ille
1135 3225 1210 3305 pcr
1238 3197 1242 3310 1
1271 3198 1404 3280 socios
1447 3198 1568 3280 Ketel
1602 3211 1777 3282 uocatus

377 3341 440 3406 est
470 3350 545 3432 per
575 3323 704 3405 risum
737 3321 1018 3428 Ketelpotaoa..
1051 3319 1103 3401 Et
1135 3333 1281 3428 postca
1297 3321 1385 3403 dux
1406 3322 1534 3428 arpad
1562 3319 1568 3432 1
1597 3349 1671 3430 per
1687 3350 1778 3428 gra·

376 3447 482 3527 ciam
514 3471 633 3526 suam
670 3457 797 3526 totam
842 3457 990 3524 terram
1035 3470 1132 3524 cum
1173 3442 1472 3526 habitatoribus
1515 3443 1600 3525 suis
1643 3445 1775 3526 eidem

375 3561 507 3684 Keltel
538 3591 563 3648 a
594 3567 859 3670 satorholrnu‚
893 3591 1028 3672 usque
1060 3565 1113 3647 ad
1144 3564 1319 3647 fluuium
1364 3565 1529 3647 tulsuoa
1569 3566 1776 3648 condona-

374 3690 447 3773 uit.
480 3688 533 3770 Et
563 3716 647 3771 non
679 3702 840 3770 tantum
870 3686 875 3799 1
905 3687 982 3768 hec
1014 3688 1088 3770 sed
1121 3688 1245 3769 otiam
1278 3687 1434 3768 maiora
1466 3687 1541 3797 hys
1567 3689 1776 3771 condona·

318 3812 447 3916 10uit‚
481 3811 580 3919 quia
611 3811 699 3892 dux
732 3811 856 3918 arpad
900 3801 1129 3924 subliugata
1170 3809 1247 3893 sibi
1284 3822 1370 3890 tota
1406 3822 1514 3891 terra
1552 3810 1774 3915 Pannonio,

375 3962 449 4044 pro
486 3933 724 4016 fidelissimo
768 3931 942 4015 seruicio
990 3957 1065 4014 suo
1114 3931 1247 4012 eidem
1278 3928 1283 4037 1
1312 3931 1433 4013 Ketel
1476 3932 1590 4014 dedit
1624 3947 1774 4015 terram

374 4083 566 4163 magliam
601 4056 720 4137 iuxta
752 4054 981 4136 danubium
1015 4053 1088 4136 ubi
1104 4052 1257 4137 fluuius
1273 4052 1380 4159 Wag
1407 4051 1413 4163 1
1442 4053 1666 4137 descendit.
1695 4055 1776 4139 Vbi

373 4194 520 4290 postea
551 4177 784 4286 oluptulrna
826 4175 933 4260 fillus
974 4175 1094 4258 Ketel
1142 4192 1319 4258 castrum
1371 4178 1602 4259 construxit
1629 4175 1634 4289 1
1664 4177 1775 4286 quod

375 4301 596 4386 Camarum
629 4299 901 4408 nuncupauit.
935 4299 1001 4379 Ad
1033 4298 1256 4380 seruioium
1290 4298 1408 4380 ouius
1442 4300 1563 4381 castri
1605 4312 1690 4380 tam
1723 4297 1774 4381 de

373 4424 529 4535 populo
562 4449 705 4506 secum
735 4419 740 4533 1
769 4421 906 4523 ducto,
940 4447 1066 4529 quam
1100 4421 1221 4502 etiam
1256 4448 1281 4501 a
1313 4420 1419 4502 duce
1452 4420 1628 4528 aquiSito
1672 4421 1775 4504 duas

316 4567 363 4640 15
374 4560 511 4656 partes
544 4545 806 4628 condonauit.
850 4542 931 4626 Vbi
958 4544 963 4649 1
994 4543 1117 4625 etiam
1160 4543 1282 4649 longo
1321 4556 1416 4651 post
1456 4559 1643 4652 tempore
1687 4544 1774 4652 ipse

373 4670 506 4773 Ketel,
541 4683 583 4750 et
612 4667 721 4751 fillus
753 4694 853 4752 suus
886 4666 1019 4748 tulma
1051 4692 1164 4747 moro
1194 4662 1198 4774 1
1227 4666 1468 4773 paganismo
1492 4665 1644 4773 sepulti
1665 4679 1774 4748 sunt.

373 4790 455 4875 Sed
488 4805 638 4874 terram
671 4790 784 4873 illam
818 4815 899 4898 que
932 4816 1045 4870 nuuc
1079 4781 1358 4904 lieltelpotaca
1389 4801 1564 4870 uocatur
1599 4787 1773 4895 posteri·

372 4927 436 4998 tas
468 4914 556 4997 eius
588 4939 723 5022 usque
755 4913 807 4994 ad
839 4925 1027 5020 tempora
1059 4909 1211 4992 andree
1242 4909 1348 5016 regis
1377 4911 1382 5020 1
1411 4909 1483 4990 filii
1515 4910 1624 4994 calui
1648 4909 1772 4994 ladis-
