4024 5776
856 551 1013 650 ffl—

233 782 259 836 a
290 784 448 867 genere
483 761 624 842 attlule
657 764 761 870 regis
794 764 1069 848 descendisse.
1103 763 1222 844 Vnde
1255 762 1395 846 nullus
1445 760 1640 842 credebat

233 905 279 960 se
312 907 442 989 posse
476 882 628 986 uiuere,
662 886 738 970 nisi
787 915 861 994 per
903 888 1080 992 graciam
1115 885 1240 994 arpad
1274 885 1346 967 filii
1378 884 1476 966 almi
1509 882 1638 983 ducis,

236 1013 278 1081 et
311 1029 478 1085 snorum
514 1007 736 1120 nobilium.
770 1007 888 1091 Vnde
930 1010 1094 1117 plurimi
1129 1039 1173 1091 se
1206 1037 1282 1092 sua
1313 1021 1461 1115 sponte
1494 1005 1638 1088 subiu-

234 1125 389 1227 gaham
421 1127 491 1208 eis.
526 1128 638 1210 Bene
667 1130 671 1241 Ι
703 1131 890 1239 impleuit
922 1133 1114 1214 dominus
1147 1132 1187 1212 in
1221 1132 1330 1212 almo
1364 1129 1469 1210 (liure
1488 1141 1527 1208 et
1556 1127 1638 1208 lilio

233 1273 312 1326 suo
343 1249 468 1356 arpad
503 1252 765 1358 propheciam
802 1282 924 1362 qnam
957 1255 962 1365 Ι
992 1255 1139 1336 cecinit
1172 1281 1336 1362 unapars
1370 1250 1701 1359 proplietadeIO

233 1367 327 1450 filiis
360 1369 477 1452 israel
510 1373 679 1457 diceus:
712 1376 763 1456 Et
796 1377 912 1458 locus
945 1405 1069 1484 quem
1105 1369 1337 1457 calcanelit
1366 1401 1440 1481 pes
1488 1387 1637 1473 uester,

233 1508 372 1573 nester
404 1494 488 1576 erit.
526 1496 631 1590 Quia
663 1526 687 1579 a
719 1498 784 1579 die
833 1499 901 1579 illo
950 1499 1039 1581 loca
1080 1527 1162 1606 qne
1196 1499 1463 1580 calcariorum
1495 1495 1638 1605 alnms

239 1612 327 1694 dux
361 1631 401 1695 ct
448 1616 555 1699 filius
603 1647 703 1702 suns
751 1620 875 1727 arpad
911 1651 1006 1704 cum
1049 1623 1133 1703 suis
1167 1619 1388 1718 nobilibus,
1420 1645 1554 1724 usque
1587 1617 1639 1698 ad

241 1762 412 1842 presens
440 1739 445 1844 l
474 1742 733 1846 posteritates
782 1769 923 1826 corum
974 1744 1209 1826 lralmcruut
1257 1758 1298 1823 ct
1330 1742 1496 1822 liabent.
1529 1735 1640 1816 XXI

238 1852 309 1933 De
336 1854 548 1937 zobolsu.

237 1982 356 2063 Tunc
391 1983 568 2067 Zobolsu
618 1987 681 2068 nir
728 1988 1068 2096 sapientissimus,
1117 1988 1382 2070 considerans
1430 1984 1637 2091 (proaulam

236 2106 375 2186 locum
406 2109 411 2214 l
440 2105 557 2190 iuxta
605 2108 817 2218 thymiam,
868 2125 909 2191 et
941 2139 1038 2192 oum
1070 2111 1242 2192 uidisset
1274 2108 1515 2216 qualitatem
1549 2105 1701 2208 loci‚15

239 2227 443 2309 intellexit
476 2257 565 2312 esse
595 2234 600 2338 l
630 2231 950 2314 immitissinmm
985 2234 1036 2314 ad
1056 2250 1234 2314 castrum
1254 2227 1641 2313 faciendum.(lom-

238 2350 353 2432 muui
389 2379 484 2458 crgo
520 2353 688 2436 (eonsilio
722 2355 933 2436 socimum
969 2381 1136 2437 suomun
1179 2353 1501 2460 congregacione
1534 2354 1642 2432 lacta

238 2473 405 2575 ciuium,
438 2474 535 2556 secit
585 2478 778 2558 fossatam
829 2505 1019 2582 magnam
1052 2480 1056 2582 l
1086 2491 1126 2558 et
1159 2491 1338 2559 castrum
1372 2475 1640 2556 fortissimum

237 2595 445 2676 editicanit
478 2596 529 2676 de
565 2612 683 2700 terra,
717 2600 827 2704 qnod
861 2628 972 2681 nuuc
1007 2615 1186 2682 castrum
1219 2593 1641 2712 Zojbolsuunmupa-

237 2735 314 2801 tur.
350 2717 466 2800 'lime
497 2720 674 2802 Zobolsn
708 2735 748 2801 ct
796 2721 894 2803 socii
943 2723 1004 2803 sui
1039 2721 1090 2802 de
1125 2720 1267 2802 iucolis
1300 2735 1404 2801 terre
1437 2720 1486 2802 ad
1519 2722 1522 2828 l
1553 2746 1641 2800 cas·

237 2856 345 2921 trum
381 2840 478 2921 illud
515 2842 668 2924 umltos
702 2843 997 2940 ordinaueruut
1031 2844 1271 2944 seruientes,
1306 2843 1376 2948 qni
1409 2870 1521 2923 nnuc
1550 2841 1555 2946 l
1586 2840 1641 2920 ci·
1654 2844 1702 2916 20

236 2961 342 3044 uiles
376 2979 589 3046 uocantur.
626 2963 676 3045 llt
708 2965 886 3048 dimissis
921 2967 973 3046 ibi
1009 2966 1304 3047 militibussub
1323 2965 1504 3071 ‹prodam
1524 2963 1641 3042 uobi-

237 3081 401 3194 listimo
435 3085 563 3167 milite
612 3087 780 3168 nomine
830 3089 973 3171 ccnlsu
1022 3117 1065 3168 so
1100 3089 1260 3192 longius
1293 3087 1349 3167 ire
1394 3112 1642 3195 preparane·

237 3225 344 3288 runt.
381 3208 497 3290 'l'uuc
530 3209 718 3292 Zolmlsu
751 3227 790 3291 ct
823 3211 919 3291 socii
954 3211 1015 3292 sni
1050 3225 1181 3294 totum
1217 3209 1446 3290 exercitum
1481 3207 1641 3289 induas

239 3347 378 3438 partes
412 3331 663 3444 diuiserunt,
696 3347 741 3415 ut
773 3361 855 3415 uua
891 3361 982 3440 pairs
1016 3333 1090 3413 iret
1124 3333 1239 3413 iuxta
1271 3330 1444 3413 lluuium
1477 3329 1640 3427 Zomus,

239 3467 281 3532 et
313 3453 449 3534 altera
468 3481 561 3560 pars
594 3481 668 3561 per
699 3470 835 3561 partes
868 3455 942 3535 uir.
974 3455 1153 3536 Zolmlsu
1185 3467 1224 3534 et
1258 3453 1378 3534 tlmsu
1411 3467 1527 3559 pater
1560 3449 1702 3531 tetu25

241 3601 338 3656 rum
373 3571 604 3690 mcdiejtatc
637 3578 844 3659 exercitus
878 3578 1028 3682 egressi
1061 3591 1157 3658 suut
1174 3572 1642 3684 percrepidinemtlrys·

236 3696 300 3778 cie
336 3698 595 3802 subiugando
630 3697 706 3778 sibi
740 3715 883 3804 gentes
913 3702 918 3804 l
948 3713 989 3780 et
1036 3713 1243 3781 uenerunt
1292 3725 1435 3780 uersus
1467 3695 1640 3793 fluuium

235 3819 405 3921 Zmuns,
439 3820 488 3899 ad
526 3819 638 3900 illum
674 3819 809 3900 locutu
846 3823 917 3927 qui
949 3851 1061 3916 rinno
1094 3821 1242 3901 dicitur
1271 3823 1275 3926 l
1305 3846 1486 3901 saruuar.
1520 3816 1570 3897 Et
1603 3817 1641 3896 in

236 3941 384 4022 codem
421 3942 511 4022 loco
547 3942 648 4022 iufra
682 3943 855 4049 paludes
873 3943 995 4025 tlmsu
1025 3943 1241 4051 paterlcln
1276 3935 1529 4045 congregata
1557 3938 1642 4020 mul

237 4063 414 4145 titudine
448 4064 589 4170 populi
623 4067 816 4146 fossatam
866 4093 1057 4169 magnam
1092 4065 1200 4163 l'ecit,
1235 4081 1275 4144 et
1307 4078 1485 4146 castrum
1516 4062 1521 4164 l
1553 4089 1641 4142 mn·
1654 4063 1703 4132 30

237 4185 485 4268 nitissinmm
519 4186 570 4266 de
603 4200 709 4266 terra
742 4187 984 4285 construxit,
1018 4187 1128 4292 qnod
1161 4186 1294 4293 prium
1322 4203 1500 4266 castrum
1520 4183 1641 4263 tlmsu

238 4309 507 4389 mnniuatum
542 4308 630 4408 l'uit,
665 4336 776 4389 nuuc
809 4337 908 4389 uero
942 4335 1113 4389 sanmar
1161 4321 1344 4390 uocatur.
1378 4305 1428 4385 Et
1460 4304 1641 4414 acceptis

238 4429 331 4512 tiliis
351 4428 578 4511 incolarum
609 4433 614 4534 l
643 4430 682 4510 in
718 4431 882 4512 obsides
916 4444 1095 4512 castrum
1146 4429 1344 4511 militibus
1377 4427 1547 4535 plenum
1581 4425 1642 4506 di·

239 4553 450 4635 miserunt.
483 4551 599 4631 'l'uno
633 4552 754 4634 tlrosu
787 4579 862 4660 per
889 4550 894 4663 l
923 4553 1171 4660 peticionem
1204 4550 1348 4659 populi
1380 4548 1640 4630 domiuosno

237 4673 332 4754 duci
366 4673 491 4780 arpad
525 4673 858 4778 subiugati,l'eoit
891 4687 998 4756 staro
1030 4670 1173 4788 illrum
1209 4673 1313 4753 inter
1353 4670 1424 4752 Nir
1455 4685 1496 4751 et
1528 4668 1641 4778 thys-

241 4796 358 4876 ciam.
393 4794 468 4877 Cui
503 4795 624 4876 etiam
659 4796 746 4878 foro
779 4822 929 4877 nomen
964 4824 1086 4878 suum
1121 4789 1336 4904 imposuit,
1366 4793 1473 4899 quod
1509 4802 1744 4898 nsqueXX·1

245 4945 355 4998 mum
387 4919 521 4999 l'ornm
556 4917 677 4999 tlosu
710 4932 987 5026 mincnpatur.
998 4917 1092 4998 Post
1108 4945 1207 4998 nero
1224 4915 1400 4998 Zobolsu
1429 4910 1435 5025 Ι
1464 4928 1504 4994 ct
1522 4913 1644 4994 tl-rosu

242 5037 333 5122 hinc
367 5039 517 5150 egressi
550 5067 683 5149 nsque
726 5041 776 5125 ad
827 5053 1005 5125 castrum
1055 5038 1218 5122 Zotmar
1263 5049 1557 5147 peruenerunt.
1591 5033 1641 5118 Et
