3898 5752
1043 519 1108 588 uel

1001 611 1157 625 uun-...u-

381 725 530 821 umplius
559 749 756 822 congruere,
778 730 958 826 ipsumque
987 734 1188 830 scriptorem
1209 757 1275 808 non
1296 730 1420 827 quarti,
1443 729 1501 804 sed
1521 726 1649 823 prioris
1667 726 1780 802 cuius·

377 849 456 924 dam
484 850 588 924 Betae
617 851 788 926 notarium
816 853 935 930 tuisse.

402 1058 453 1134 nc
484 1056 581 1136 liter
609 1059 712 1138 Betae
739 1063 832 1159 regis
860 1066 988 1143 notarii
1014 1087 1093 1144 cunr
1122 1087 1225 1163 opere
1245 1065 1396 1142 Simonis
1416 1064 1458 1140 de
1478 1062 1565 1140 deza
1595 1059 1752 1138 collatus.

533 1231 765 1311 Adversarius
793 1242 923 1326 noster,
954 1241 1012 1334 qui
1042 1243 1243 1337 magistrum
1271 1241 1310 1315 P.
1340 1239 1444 1313 Belae
1472 1238 1557 1312 IV·o
1596 1235 1781 1315 adiudicat.

377 1356 496 1429 codem
528 1355 633 1432 etiarn
660 1357 760 1433 illurn
789 1383 863 1435 cum
892 1362 1031 1438 Simone
1059 1365 1100 1438 de
1128 1365 1232 1452 Kena,
1260 1362 1352 1458 regis
1371 1359 1523 1436 Ladinlai
1544 1357 1630 1432 III-i
1659 1355 1783 1431 clerico

379 1484 537 1573 tempore
566 1479 749 1574 scripsisse
777 1489 962 1559 asseverat.
992 1487 1119 1562 Multas
1147 1509 1226 1562 nero
1256 1485 1334 1559 illas
1363 1489 1396 1559 ct
1424 1504 1565 1577 magnas
1585 1479 1784 1573 discrepan-

379 1601 457 1691 tiae,
486 1606 558 1677 tam
586 1601 659 1678 stili
688 1627 789 1698 quam
817 1629 930 1681 rerum
959 1610 1107 1702 quaein
1137 1612 1314 1686 amborum
1342 1607 1505 1702 operibus
1541 1609 1738 1690 occurrunt,
1767 1623 1787 1674 e

357 1723 579 1798 'diversitate
608 1724 784 1801 doctrinae
814 1731 849 1802 et
877 1729 1076 1822 opinionum
1105 1733 1223 1807 deduci
1256 1753 1358 1826 posse
1385 1732 1503 1824 putat;
1534 1748 1620 1822 quae
1640 1721 1786 1798 dirersi-

377 1849 430 1919 tas
458 1846 549 1920 inter
576 1846 678 1922 unius
707 1847 924 1944 eiusdemque
952 1853 1076 1929 aetatis
1104 1855 1291 1949 scriptores
1323 1854 1436 1928 locuni
1473 1847 1629 1925 inuenire
1660 1846 1784 1922 soleat.

377 1967 434 2046 Sic
462 1968 688 2044 ratiocinatur
716 1972 757 2045 ad
785 1973 1020 2050 defensionem
1047 1976 1260 2052 coniecturae
1298 1997 1378 2051 suae
1416 1973 1469 2048 uir
1504 1969 1787 2046 literatissimum

536 2091 610 2166 Nos
638 2093 883 2170 commentitiis
911 2098 1013 2172 rebus
1042 2100 1169 2173 nullam
1200 2099 1294 2174 soliti
1332 2097 1517 2191 adiungere
1559 2093 1672 2182 fidem,
1716 2113 1790 2165 rem

377 2235 452 2288 curn
482 2235 519 2287 re
548 2214 830 2309 comparavimus,
874 2223 908 2292 et
945 2243 987 2293 cx
1025 2220 1184 2316 diligenti
1214 2243 1357 2316 operum
1384 2217 1554 2313 Anonymi
1596 2219 1631 2290 et
1670 2213 1789 2288 Kezae

376 2336 561 2412 collatione
589 2337 831 2431 proposuimus
859 2339 1022 2416 iudicium
1050 2343 1162 2417 facero
1190 2345 1231 2417 de
1260 2343 1378 2418 eadent
1406 2341 1459 2414 rel
1489 2339 1624 2414 diuersa
1650 2337 1790 2411 illorum

376 2463 501 2534 aetate.
533 2456 728 2552 Scriptores
755 2459 792 2533 hi
820 2461 1005 2555 plurimum
1034 2464 1125 2539 inter·
1153 2489 1190 2539 so
1220 2465 1392 2540 differunt.

536 2584 570 2655 1.
601 2580 705 2656 Belae
733 2583 890 2660 notarius
918 2585 961 2659 de
990 2589 1081 2661 terra
1111 2588 1359 2662 ultrasilvana:
1406 2587 1577 2674 „Sanctus
1610 2605 1672 2656 rex
1710 2582 1790 2656 Ste-

379 2703 514 2796 phanus
543 2701 741 2798 subiugauit
770 2705 836 2779 sibi
866 2709 993 2781 terrum
1021 2711 1423 2786 ultr·asiluauam.“
1447 2707 1565 2781 XVII.
1589 2705 1685 2780 Kena
1708 2726 1789 2799 pro·

379 2825 527 2900 vinciam
555 2826 649 2900 illem
678 2849 744 2901 uon
773 2829 919 2903 ultra
949 2873 993 2883 -
1025 2855 1086 2905 nec
1114 2831 1468 2920 transilvanam,
1498 2828 1557 2903 sed
1586 2833 1786 2922 septem

381 2951 559 3023 costra
586 2954 709 3025 cocat:
752 2950 919 3039 ,Sanctus
955 2975 1015 3027 rou
1048 2954 1244 3049 Stephanus
1272 2957 1466 3042 coronatus,
1501 2952 1582 3026 lule
1615 2950 1785 3026 auunculo

300 3156 305 3170 Ι
379 3093 441 3145 suo
470 3093 545 3145 cum
573 3094 679 3149 uxore
707 3077 741 3146 et
770 3074 901 3149 duobos
930 3074 1013 3149 filiis
1042 3077 1088 3151 de
1117 3083 1289 3172 septem
1316 3073 1493 3151 cestris
1514 3073 1547 3148 in
1568 3071 1786 3167 Hungariam

379 3193 535 3282 adducto,
567 3198 601 3268 et
628 3193 788 3270 adiuncto
817 3199 948 3290 septem
977 3202 1090 3272 castra
1118 3199 1328 3274 Paurrorrie.“
1362 3199 1410 3272 Il.
1445 3197 1479 3270 2.
1510 3194 1702 3272 chronicon
1732 3199 1785 3268 ta·

379 3337 454 3387 men
499 3316 538 3389 P.
580 3315 621 3390 V.
665 3315 814 3409 priorem
853 3322 968 3393 seruat
1010 3313 1323 3396 nomenclaturam:
1376 3322 1526 3408 ,Beatus
1582 3317 1782 3411 Stephanus

380 3440 563 3530 postquam
590 3437 684 3532 regio
713 3439 928 3514 celsitudinis
956 3462 1116 3516 coronam
1145 3443 1312 3518 diuinitus
1341 3445 1395 3516 est
1423 3441 1580 3535 adeptus,
1607 3439 1785 3514 famosum

379 3563 413 3632 et
440 3560 614 3633 lucrosum
641 3561 769 3634 bellurn
796 3561 908 3656 gessit
936 3568 1055 3639 contra
1082 3567 1287 3640 auunculum
1324 3555 1422 3640 suum
1460 3561 1597 3638 nomine
1624 3561 1783 3658 Gyulam

364 3681 437 3775 'qui
466 3691 547 3756 lunc
575 3682 739 3776 temporis
769 3683 876 3758 totius
904 3687 1029 3760 ultra
1058 3687 1226 3761 siluam
1263 3685 1360 3782 regni
1398 3684 1629 3781 gubernaculo
1668 3683 1783 3778 possi·

380 3804 516 3879 denam
563 3827 596 3897 p.
626 3807 687 3881 40.

534 3925 713 4001 Teutonici
742 3927 953 4021 provinciam
980 3929 1075 4004 illam
1103 3931 1213 4005 adhuc
1241 3931 1500 4024 Sicbenbllrgeu
1519 3933 1642 4004 uocant
1660 3951 1680 4002 a
1700 3949 1782 4023 sep·

380 4053 449 4120 tem
476 4047 600 4122 castris
628 4071 687 4122 seu
716 4049 864 4145 oppidis,
899 4051 1075 4126 moenibus
1112 4075 1174 4147 per
1207 4052 1362 4129 Saxones
1391 4051 1633 4138 circumdatis;
1675 4049 1734 4146 qui
1764 4075 1785 4126 a

379 4169 485 4245 Seiae
528 4169 576 4244 lI.
605 4193 686 4265 rege
715 4172 912 4263 introducti,
951 4175 1043 4248 iutra
1073 4177 1122 4250 60
1150 4175 1286 4250 circiter
1313 4199 1422 4250 annos
1464 4198 1504 4248 ca
1544 4178 1658 4248 castra
1699 4197 1783 4250 con·

380 4297 591 4367 struxerunt.
624 4293 771 4368 Nomina
799 4298 833 4368 et
861 4295 960 4370 initia
987 4297 1106 4370 horunr
1135 4297 1170 4370 in
1208 4295 1348 4372 Martini
1383 4296 1590 4392 Sneutirany
1617 4295 1785 4370 disserta·

379 4412 472 4488 tione
504 4415 792 4508 paralipomenica
827 4417 1016 4512 Γ1111111111
1058 4422 1168 4493 1699.
1208 4442 1241 4513 p.
1272 4421 1322 4493 50
1350 4419 1414 4494 hoc
1443 4419 1564 4494 ordine
1591 4420 1784 4513 leguntur:

383 4541 414 4609 1.
450 4536 706 4631 Modgyesinum
747 4539 951 4633 (Mediasch)
989 4540 1160 4615 aedificari
1196 4545 1353 4634 coeptum
1384 4543 1496 4616 1146.
1544 4543 1579 4614 2.
1609 4539 1786 4616 titinium

380 4659 658 4750 (Hermanstadt)
687 4664 901 4734 exstructum
931 4664 1044 4735 1160.
1084 4665 1118 4737 3.
1149 4661 1382 4756 Claudiopolis
1417 4660 1691 4762 (Klausenburg)
1730 4662 1783 4736 in·

380 4780 499 4853 choata
526 4780 698 4855 aedificari
723 4781 830 4856 1178.
854 4786 887 4855 4.
911 4785 1173 4877 chesvarinum
1194 4783 1424 4886 (Scirtsburg)
1444 4783 1645 4860 aedificatur
1667 4789 1783 4858 1196.

380 4905 413 4974 6.
463 4903 669 4977 Sudore-'atros
710 4901 850 5004 (Broos)
892 4905 1049 4979 ccrrrclitur
1094 4911 1203 4982 1200.
1249 4911 1281 4980 6.
1317 4907 1511 4997 Brassoria,
1546 4905 1618 4980 siue
1647 4907 1785 4982 Corona

379 5022 601 5126 (Kronstadt)
634 5025 743 5101 1203.
777 5031 809 5100 1.
841 5026 1003 5101 Bistricia
1030 5027 1207 5129 (Bistritn)
1236 5027 1370 5104 exstrui
1398 5033 1520 5124 coepta
1551 5030 1663 5104 1206.
