4024 5776
883 586 911 592 „.
935 478 976 558 to

252 697 323 789 nis
355 695 459 790 tiens
493 735 566 815 per
598 733 668 789 eos
699 708 845 790 furoris
894 709 956 791 sui
1004 706 1162 812 flagella
1194 703 1198 818 Ι
1228 702 1498 814 propinasset.
1546 705 1662 788 'Func

255 829 316 911 ilii
349 830 503 911 inimici
537 828 698 911 athonis
730 830 836 934 regis
869 831 1199 912 teuthonicorum
1248 831 1448 911 miserunt
1487 831 1662 911 nuncios

254 979 354 1036 suos
387 953 438 1032 ad
482 952 642 1033 Zultam
681 952 844 1052 ducem,
887 954 1024 1034 uirum
1073 950 1329 1054 bellicosum,
1375 966 1416 1032 et
1463 947 1662 1059 rogauit¹>

195 1087 201 1096 '
255 1101 356 1155 eum
388 1074 484 1154 dato
517 1099 616 1155 auro
645 1075 650 1180 Ι
679 1075 823 1176 multu,
868 1089 914 1155 ut
951 1073 1151 1154 adiutorio
1201 1073 1384 1178 bungaro
1433 1074 1664 1180 predictum

254 1223 399 1302 regem
446 1195 641 1277 athonem
692 1195 946 1278 inuaderent.
976 1197 981 1307 Ι
1010 1195 1107 1276 Dux
1141 1221 1241 1275 uero
1288 1196 1406 1277 Zulta
1455 1196 1698 1283 iracundia5

254 1319 421 1420 ductus,
455 1331 538 1398 tam
573 1343 646 1425 pro
680 1344 822 1398 eorum
856 1346 958 1426 pace
992 1330 1033 1399 et
1063 1319 1215 1425 precio,
1266 1344 1390 1424 quam
1434 1317 1558 1398 etiam
1592 1343 1664 1424 pro

254 1435 399 1554 morpe
433 1438 517 1520 lelu
549 1452 590 1519 et
620 1439 775 1522 bulsuu
806 1440 1069 1546 gemebundo
1086 1456 1254 1548 pectore
1286 1441 1397 1522 misit
1430 1440 1660 1522 exercitum

256 1589 458 1668 magnum
493 1573 635 1642 contra
663 1564 668 1668 Ι
697 1562 889 1644 athonem
940 1591 1076 1667 regom
1127 1561 1468 1643 teuthonicorum.
1506 1560 1666 1655 Quibus

257 1685 468 1792 principes
512 1695 551 1762 et
600 1683 790 1766 ductores
837 1685 934 1765 fecit
967 1683 1225 1798 Botundilum
1260 1683 1389 1764 filium
1425 1684 1593 1790 culpun,
1627 1697 1667 1764 et

257 1805 483 1888 Zobolsum
517 1804 648 1885 tilium
681 1805 815 1908 elemi,
848 1835 926 1886 nec
960 1833 1040 1888 non
1075 1805 1307 1886 ircumiium
1341 1805 1470 1886 filium
1506 1808 1665 1918 susce}
1699 1867 1728 1902 „

260 1927 343 2022 Qui
393 1955 486 2007 cum
536 1928 686 2032 egressi
736 1941 872 2010 essent
906 1957 928 2008 a
962 1930 1067 2009 duce
1100 1929 1217 2009 Zoita
1258 1956 1421 2009 rursum
1454 1928 1667 2009 baoariam

261 2049 537 2132 alemanniam
574 2061 615 2128 et
642 2047 646 2158 Ι
676 2051 891 2132 saxoniam
925 2064 1049 2158 atque
1082 2050 1300 2155 turingiam
1334 2051 1376 2129 in
1407 2049 1542 2155 gladio
1575 2059 1729 2157 per-10

262 2183 496 2254 eusserunt.
530 2169 580 2250 Et
613 2172 763 2253 exinde
797 2173 947 2278 egressi
982 2173 1023 2252 in
1051 2170 1055 2272 Ι
1086 2173 1398 2278 quadragesima
1420 2172 1669 2254 transierunt

261 2321 412 2376 renum
445 2291 632 2394 fluuium,
667 2307 708 2376 et
739 2322 911 2400 regnum
945 2288 1248 2399 latar·ie11scnr²)
1269 2295 1308 2374 in
1327 2321 1425 2376 arcu
1454 2295 1458 2400 Ι
1490 2290 1668 2399 etsagit-

262 2417 315 2498 tis
349 2413 745 2498 exterminauerunt.
797 2417 1039 2498 Vniuersam
1082 2444 1249 2523 quoque
1283 2416 1448 2520 galliam
1481 2416 1671 2497 atrociter

264 2531 513 2652 affligentes,
561 2537 756 2620 eeclesias
789 2539 855 2618 dei
889 2539 1110 2621 crudeliter
1142 2539 1339 2618 intrantes
1372 2538 1666 2645 spoliauerunt.

263 2660 366 2741 Iade
399 2686 473 2766 per
504 2660 679 2767 abrupta
708 2659 713 2769 Ι
742 2661 1047 2762 senonensium,
1076 2688 1150 2768 per
1167 2661 1342 2768 populos
1360 2661 1548 2742 aliminos
1565 2661 1670 2740 ferro

265 2781 344 2862 sibi
376 2781 487 2861 uiam
522 2796 562 2860 et
593 2781 727 2886 gladio
761 2796 1022 2889 aperuerunt.
1054 2784 1058 2888 Ι
1087 2782 1297 2890 Superatis·
1316 2809 1409 2886 ergo
1444 2783 1520 2863 iilis
1553 2782 1731 2867 belii-15

266 2902 490 2985 eosissimis
532 2904 735 3010 gentibus,
793 2919 833 2985 et
880 2905 1054 2986 naturali
1088 2906 1167 2986 situ
1202 2905 1383 2986 lotorum
1420 2903 1632 2986 tutissimis
1666 2897 1670 3017 Ι

266 3040 431 3107 montes
463 3051 664 3108 senonum
699 3026 1051 3130 transcenderunt,
1086 3041 1125 3106 et
1159 3055 1348 3131 segusam
1384 3037 1583 3134 ceperunt
1616 3025 1671 3106 ci·

267 3147 454 3229 uitatem.
502 3146 672 3229 Deinde
722 3149 872 3253 egressi
910 3149 1129 3230 'saturinam
1166 3149 1375 3229 ciuitatem
1409 3146 1670 3254 opulentissi-

397 3265 579 3314 expugmncrnnt

268 3297 380 3351 mam
440 3319 554 3364 sanni.
605 3269 656 3350 Et
688 3275 916 3378 postquam
969 3263 1133 3378 planam
1188 3270 1396 3374 regionem
1444 3268 1670 3350 lambardie

269 3437 536 3534 aspexerunt,
568 3441 696 3536 totam
729 3455 837 3534 pene
871 3428 1023 3508 italiam
1042 3429 1159 3509 bonis
1189 3425 1194 3536 Ι
1223 3427 1415 3506 omnibus
1433 3425 1670 3506 affluentem

270 3563 312 3627 et
345 3549 645 3629 exuberantem
679 3549 891 3630 concitatis
925 3551 1112 3631 cursibus
1161 3548 1453 3654 spoliauerunt.
1502 3545 1734 3633 Deinde20

270 3697 372 3750 uero
407 3670 561 3750 botond
593 3670 701 3752 filius
735 3672 890 3778 cuipun
925 3685 964 3751 et
996 3699 1126 3752 urcun
1161 3670 1267 3750 filius
1301 3697 1436 3771 eusee‚
1469 3669 1672 3776 superatis

270 3789 465 3873 omnibus
497 3791 688 3896 gentibus
717 3792 722 3898 Ι
754 3793 1073 3899 prememoratis,
1122 3792 1229 3872 {elici
1279 3791 1447 3872 uictoria
1479 3791 1673 3894 fruentes

270 3913 324 3994 ad
356 3914 520 4020 propria
552 3941 678 4019 regna
709 3927 981 3995 reuertuntur.
1015 3915 1130 3995 'l'nnc
1159 3915 1164 4020 Ι
1195 3914 1289 3994 boto
1322 3942 1397 3994 rex
1420 3912 1674 3994 teothonico·

270 4063 376 4136 rum,
408 4036 546 4142 posuit
577 4035 744 4118 insidias
778 4036 895 4118 iuxta
928 4065 1073 4118 renum
1105 4035 1292 4138 fluuium,
1328 4049 1369 4116 et
1401 4063 1495 4116 cum
1526 4033 1531 4146 Ι
1561 4036 1673 4115 onmi

268 4157 417 4238 robore
464 4157 578 4264 regni
609 4158 674 4239 sui
707 4184 776 4240 eos
808 4158 1010 4240 inuadens
1059 4158 1210 4240 nmltos
1260 4185 1311 4236 ex
1354 4157 1411 4238 eis
1462 4157 1673 4237 interfecit.

271 4277 431 4359 Botond
460 4279 465 4386 Ι
495 4293 536 4360 et
567 4307 697 4361 vrcun
729 4307 777 4361 ac
808 4280 954 4388 reliqui
988 4281 1195 4361 exercitus
1213 4281 1341 4383 magis
1368 4280 1553 4360 uolentes
1571 4278 1674 4360 mori

269 4399 310 4481 in
346 4400 468 4504 bello,
517 4427 643 4509 quam
692 4403 994 4511 appropriatam
1025 4401 1030 4513 Ι
1059 4403 1136 4485 sibi
1177 4401 1391 4482 uictoriam
1425 4401 1671 4501 amitterent,
1685 4413 1734 4486 25

269 4522 388 4604 Tunc
418 4522 606 4606 hostibus
651 4525 911 4631 pertinaciter
951 4526 1155 4627 insistunt,
1206 4537 1246 4603 et
1279 4524 1317 4604 in
1349 4521 1353 4633 Ι
1384 4523 1530 4603 eodem
1562 4521 1672 4603 bello

272 4645 482 4752 quendam
516 4671 711 4751 triagnum
744 4647 907 4747 ducem,
937 4649 1073 4729 uirum
1104 4646 1479 4728 nominatissimum
1512 4644 1673 4759 inten‘ii-

272 4766 397 4848 ciunt.
445 4767 497 4849 Et
542 4768 643 4851 alios
683 4770 861 4873 grauiter
892 4770 1130 4852 uolneratos
1162 4769 1206 4849 in
1237 4769 1377 4873 fugam
1411 4780 1683 4869 conuertunt‚‘

384 4997 408 5084 Ἰ
437 5014 518 5086 pro:
548 4999 765 5087 rogauerunt.
799 4987 825 5087 ²)
856 4993 903 5068 sit·
933 4997 968 5068 C·
