3896 5758
367 641 556 727 Ladizlao
590 671 685 750 rege
718 640 922 727 adductus
941 643 982 725 in
999 641 1252 750 Hungan‘am
1284 643 1428 727 fuerat.
1465 640 1593 728 Cuius
1610 639 1763 724 Andree

368 768 474 874 regis
507 779 641 849 ortum
677 781 718 848 et
750 767 948 873 originem
991 767 1218 871 uideamus⁷
1261 791 1343 875 qua
1384 767 1549 849 racione
1581 765 1765 848 meruerit

371 915 562 972 coronam
602 887 811 994 Hungarie
855 890 1054 996 accipere.
1098 887 1203 971 Cum
1237 889 1347 970 enirn
1381 917 1456 970 rex
1491 888 1677 970 Andreas
1707 913 1764 968 se·

370 1012 543 1115 candoe,
563 1025 679 1119 pater
712 1011 845 1118 quarti
878 1010 976 1092 Bele
1010 1012 1114 1116 regis
1148 1026 1189 1092 et
1221 1009 1580 1094 Colo'manidircis
1613 1025 1765 1091 mortua

369 1135 500 1244 prima
533 1159 664 1216 uxore
697 1145 786 1236 sua,'
817 1133 885 1214 uel
919 1134 1055 1241 potius
1089 1133 1303 1214 interfecta
1338 1146 1381 1214 ut
1409 1134 1600 1241 superius
1617 1133 1763 1245 dictum

369 1269 442 1358 est,
476 1282 589 1337 mare
622 1256 673 1340 ad
707 1255 950 1336 mandatum
992 1256 1164 1338 ecclesie
1207 1255 1511 1338 transfretasset
1543 1256 1582 1335 in
1625 1270 1764 1335 terram

342 1501 564 1589 ‚existens
605 1501 891 1582 reuertebatur
931 1499 1103 1581 feliciter
1151 1528 1246 1581 cum
1289 1499 1454 1581 honore.
1505 1499 1690 1580 Tandem
1731 1497 1765 1575 in

366 1621 505 1704 Ytalia
538 1621 747 1730 applicuit,
785 1635 827 1702 et
859 1620 1036 1728 quadam
1072 1622 1163 1702 uico
1197 1621 1306 1728 apud
1331 1622 1610 1702 marchionem
1631 1620 1766 1702 Esten-

369 1773 456 1827 :ern
491 1761 552 1826 est
595 1741 811 1850 magnifice
855 1743 1096 1851 hospitatus.
1149 1743 1221 1826 llle
1255 1770 1354 1824 uero
1395 1744 1576 1824 marchio
1628 1766 1768 1848 cogno-

368 1893 488 1950 scens
521 1893 659 1972 regem
693 1893 783 1949 esse
801 1865 987 1970 uiduam,
1007 1865 1131 1946 liliam
1150 1893 1266 1948 suam
1286 1865 1540 1947 excellenter
1560 1864 1767 1972 pulchram

371 2003 413 2071 ct
443 1990 550 2072 bene
585 2001 770 2070 ornatam
805 1989 1045 2095 conspectui
1089 1989 1194 2093 regis
1233 2005 1364 2070 astare
1396 1989 1506 2070 fecit.
1555 1987 1644 2068 Rex
1678 2008 1769 2069 nero

368 2112 517 2218 uidens
551 2137 641 2192 eam
675 2109 905 2218 pulchram,
940 2124 980 2190 ct
1012 2111 1095 2192 suis
1130 2110 1260 2194 oculis
1293 2110 1525 2217 gratiosam,
1560 2137 1655 2192 cum
1682 2108 1768 2190 abs·

369 2261 451 2342 que
484 2232 564 2314 hoc
597 2233 750 2314 ducere
782 2232 909 2314 uellet
941 2259 1129 2336 uxorem,
1164 2260 1257 2313 cunr
1294 2232 1439 2313 eadem
1473 2231 1768 2313 domicellaeo·

367 2356 463 2436 dem
497 2355 562 2436 die
602 2355 806 2436 contraxit
837 2354 1157 2455 matrimonium,
1192 2367 1232 2434 et
1265 2355 1305 2434 in
1346 2353 1599 2460 Hungariam
1634 2379 1767 2436 secum

365 2477 497 2560 duxit.
530 2474 691 2558 Mortuo
724 2503 821 2558 vero
855 2503 949 2583 rege
984 2476 1172 2578 Andrea,
1207 2476 1374 2558 domina
1391 2477 1467 2558 ista
1484 2476 1630 2558 uolens
1647 2475 1769 2556 redire

366 2599 418 2680 ad
450 2611 641 2707 parentes
675 2624 782 2698 suos,
830 2599 1069 2680 conuocatis
1118 2599 1374 2706 principibus
1416 2599 1529 2706 regni
1566 2595 1769 2704 Hungaric

366 2720 684 2828 archiepiscopis
719 2735 759 2800 et
792 2721 1007 2828 episcopis,
1057 2748 1100 2802 se
1134 2721 1346 2826 grauidam
1391 2720 1505 2828 prole
1550 2719 1768 2802 manifestis

367 2842 527 2925 indiciis
571 2841 882 2945 demonstrauit,
926 2857 967 2923 et
998 2843 1056 2925 sic
1098 2856 1161 2924 est
1202 2869 1367 2924 reuersa
1400 2845 1442 2924 in
1474 2857 1624 2924 terram
1656 2867 1768 2924 suam

366 2965 466 3049 Esth
500 2977 700 3066 vocatam,
736 2979 776 3044 et
809 2965 863 3046 ibi
898 2965 1006 3072 apud
1042 2981 1198 3070 patrem
1235 2991 1356 3047 sutrin
1400 2992 1576 3072 puerum
1611 2990 1768 3046 mascu-

365 3088 451 3169 lum
497 3087 667 3194 peperit,
713 3113 837 3194 quem
872 3088 911 3167 in
955 3087 1161 3194 baptismo
1204 3085 1461 3194 Stephanum
1505 3097 1768 3169 uocauerunt.

365 3209 491 3317 (131)
525 3207 604 3304 Qui
637 3209 814 3291 nutritus
848 3224 888 3289 ct
922 3208 1121 3290 educatus
1158 3210 1236 3292 sub
1270 3208 1348 3289 hoc
1380 3209 1511 3312 titula,
1531 3209 1641 3316 quod
1667 3223 1770 3289 esset

363 3332 471 3414 filius
504 3332 608 3437 regis
642 3329 862 3436 Hungarie‚
896 3331 1064 3412 tandem
1098 3331 1150 3411 ad
1188 3344 1339 3412 etatem
1373 3331 1563 3412 ultimam
1605 3329 1769 3411 deueni-

365 3449 479 3560 ens¹)
513 3479 712 3560 usurpare
745 3451 885 3534 dolose
919 3451 1250 3534 marchionatmn
1294 3452 1428 3534 uoluit
1454 3454 1538 3535 -aui
1579 3453 1669 3552 sui3
1700 3450 1767 3533 sed

365 3576 475 3656 idem
509 3600 614 3657 auus
648 3601 748 3657 suus
781 3575 1002 3683 prcualens
1048 3575 1185 3682 ipsum
1228 3575 1425 3657 remotius
1467 3573 1690 3680 aufugauit.
1724 3571 1771 3652 m

363 3698 421 3780 sic
454 3694 688 3804 Stephanus
720 3696 881 3802 fugiens
922 3696 1021 3778 abiit
1053 3696 1094 3777 in
1127 3697 1334 3804 lspaniam
1352 3695 1401 3778 ad
1419 3696 1617 3778 iacobum
1635 3721 1769 3800 regem

366 3819 583 3924 dragonie,
622 3818 691 3925 qui
727 3818 908 3900 habebat
940 3819 979 3898 in
1014 3845 1189 3900 uxorem
1222 3845 1401 3902 sororem
1430 3819 1546 3901 istius
1564 3817 1767 3926 Stephani,

365 3939 491 4022 filiam
527 3941 689 4021 Andree
722 3941 827 4046 regis
867 3939 1099 4047 Hungaric:
1142 3956 1183 4022 ct
1216 3941 1270 4022 ibi
1303 3941 1562 4049 aliquamdiu
1591 3965 1770 4021 commo·

366 4077 490 4164 ratus,
533 4064 682 4142 iterum
715 4061 755 4142 in
788 4061 968 4144 Ytaliam
1013 4065 1187 4145 ueniens
1229 4063 1388 4146 clectus
1431 4077 1493 4145 est
1534 4073 1711 4170 potestas
1749 4087 1772 4140 a

368 4185 529 4266 ciuibus
562 4185 602 4264 in
636 4183 847 4266 Rauenna.
881 4185 981 4266 lude
1014 4187 1179 4291 fugatus
1200 4186 1313 4266 uenit
1326 4184 1539 4267 Venecias
1557 4185 1620 4268 Ibi
1636 4195 1771 4266 autem

366 4307 431 4389 uir
463 4306 631 4413 quidam
666 4307 767 4388 ciuis
802 4305 1045 4388 Venetensis
1079 4308 1255 4390 ciuitatis
1291 4308 1424 4414 potior
1456 4319 1496 4387 et
1529 4306 1655 4389 dicior
1678 4331 1769 4410 cog·

369 4455 544 4510 noscens
578 4442 618 4509 et
650 4429 783 4510 sciens
829 4430 1030 4510 ueraciter
1072 4431 1181 4511 hunc
1225 4457 1313 4512 esse
1356 4428 1488 4510 filium
1520 4429 1626 4536 regis
1658 4427 1769 4508 Hun-

369 4551 490 4656 garie,
524 4551 689 4632 tradidit
721 4551 798 4632 sibi
832 4551 957 4631 tiliam
991 4579 1108 4634 suam
1144 4551 1183 4633 in
1218 4578 1406 4654 uxorem,
1441 4565 1481 4632 et
1498 4551 1681 4634 omnium
1699 4551 1768 4630 bo·

369 4699 514 4753 norum
550 4699 718 4753 suorum
753 4673 997 4780 participem
1031 4701 1126 4756 eum
1161 4674 1384 4757 constituit.
1436 4673 1498 4758 llx
1533 4673 1603 4756 illa
1635 4685 1764 4757 autem

479 4927 503 5026 ¹)
533 4930 756 5008 decorticatis,
786 4931 823 5010 T.
