<?xml version="1.0" encoding="UTF-8"?>
<!DOCTYPE html PUBLIC "-//W3C//DTD XHTML 1.0 Transitional//EN"
    "http://www.w3.org/TR/xhtml1/DTD/xhtml1-transitional.dtd">
<html xmlns="http://www.w3.org/1999/xhtml" xml:lang="en" lang="en">
 <head>
  <title>
</title>
<meta http-equiv="Content-Type" content="text/html;charset=utf-8" />
  <meta name='ocr-system' content='tesseract 3.04.00' />
  <meta name='ocr-capabilities' content='ocr_page ocr_carea ocr_par ocr_line ocrx_word'/>
</head>
<body>
  <div class='ocr_page' id='page_1' title='image "./chronicahungaro00florgoog_0015.png"; bbox 0 0 1190 1585; ppageno 0'>
   <div class='ocr_carea' id='block_1_1' title="bbox 618 191 640 212">
    <p class='ocr_par' dir='ltr' id='par_1_1' title="bbox 618 191 640 212">
     <span class='ocr_line' id='line_1_1' title="bbox 618 191 640 212; baseline -0.045 0"><span class='ocrx_word' id='word_1_1' title='bbox 618 191 640 212; x_wconf 79' lang='lat' dir='ltr'><strong>u.</strong></span> 
     </span>
    </p>
   </div>
   <div class='ocr_carea' id='block_1_2' title="bbox 590 218 668 221">
    <p class='ocr_par' dir='ltr' id='par_1_2' title="bbox 590 218 668 221">
     <span class='ocr_line' id='line_1_2' title="bbox 590 218 668 221; baseline 0 0"><span class='ocrx_word' id='word_1_2' title='bbox 590 218 668 221; x_wconf 95' lang='lat' dir='ltr'><strong> </strong></span> 
     </span>
    </p>
   </div>
   <div class='ocr_carea' id='block_1_3' title="bbox 266 247 980 1347">
    <p class='ocr_par' dir='ltr' id='par_1_3' title="bbox 277 247 980 303">
     <span class='ocr_line' id='line_1_3' title="bbox 356 247 980 273; baseline 0 -4"><span class='ocrx_word' id='word_1_3' title='bbox 356 247 494 273; x_wconf 79' lang='lat' dir='ltr'><strong>Descriptionem</strong></span> <span class='ocrx_word' id='word_1_4' title='bbox 512 248 581 271; x_wconf 84' lang='lat' dir='ltr'><strong>codicis,</strong></span> <span class='ocrx_word' id='word_1_5' title='bbox 601 249 618 267; x_wconf 84' lang='lat' dir='ltr'><strong>et</strong></span> <span class='ocrx_word' id='word_1_6' title='bbox 636 248 698 267; x_wconf 82' lang='lat' dir='ltr'><strong>seriem</strong></span> <span class='ocrx_word' id='word_1_7' title='bbox 714 248 791 272; x_wconf 80' lang='lat' dir='ltr'>priorum</span> <span class='ocrx_word' id='word_1_8' title='bbox 809 248 903 268; x_wconf 74' lang='lat' dir='ltr'><strong>editionum</strong></span> <span class='ocrx_word' id='word_1_9' title='bbox 921 249 980 269; x_wconf 77' lang='lat' dir='ltr'><strong>damus</strong></span> 
     </span>
     <span class='ocr_line' id='line_1_4' title="bbox 277 279 979 303; baseline -0.001 -3"><span class='ocrx_word' id='word_1_10' title='bbox 277 281 335 300; x_wconf 79' lang='lat' dir='ltr'><strong>verbis</strong></span> <span class='ocrx_word' id='word_1_11' title='bbox 349 280 444 300; x_wconf 75' lang='lat' dir='ltr'><strong>doctissimi</strong></span> <span class='ocrx_word' id='word_1_12' title='bbox 458 280 563 302; x_wconf 85' lang='lat' dir='ltr'><strong>Endlichcri,</strong></span> <span class='ocrx_word' id='word_1_13' title='bbox 578 286 587 298; x_wconf 83' lang='lat' dir='ltr'><strong>e</strong></span> <span class='ocrx_word' id='word_1_14' title='bbox 601 279 727 303; x_wconf 76' lang='lat' dir='ltr'><strong>prolegomenis</strong></span> <span class='ocrx_word' id='word_1_15' title='bbox 738 280 759 298; x_wconf 90' lang='lat' dir='ltr'><strong>ad</strong></span> <span class='ocrx_word' id='word_1_16' title='bbox 772 279 864 299; x_wconf 76' lang='lat' dir='ltr'><strong>editionem</strong></span> <span class='ocrx_word' id='word_1_17' title='bbox 873 281 913 299; x_wconf 84' lang='lat' dir='ltr'><strong>anni</strong></span> <span class='ocrx_word' id='word_1_18' title='bbox 926 280 979 299; x_wconf 70' lang='lat'>1827.</span> 
     </span>
    </p>

    <p class='ocr_par' dir='ltr' id='par_1_4' title="bbox 274 310 979 548">
     <span class='ocr_line' id='line_1_5' title="bbox 358 310 979 335; baseline 0 -5"><span class='ocrx_word' id='word_1_19' title='bbox 358 312 426 334; x_wconf 79' lang='lat' dir='ltr'><strong>„Codex</strong></span> <span class='ocrx_word' id='word_1_20' title='bbox 446 310 572 334; x_wconf 83' lang='lat' dir='ltr'><strong>manuscriptus</strong></span> <span class='ocrx_word' id='word_1_21' title='bbox 593 310 707 329; x_wconf 73' lang='lat' dir='ltr'><strong>bibliothecae</strong></span> <span class='ocrx_word' id='word_1_22' title='bbox 727 316 816 329; x_wconf 79' lang='lat' dir='ltr'><strong>caesareae</strong></span> <span class='ocrx_word' id='word_1_23' title='bbox 834 310 979 335; x_wconf 64' lang='lat' dir='ltr'><strong>Vindobonemis,</strong></span> 
     </span>
     <span class='ocr_line' id='line_1_6' title="bbox 277 340 979 365; baseline -0.001 -4"><span class='ocrx_word' id='word_1_24' title='bbox 277 342 323 361; x_wconf 89' lang='lat' dir='ltr'><strong>inter</strong></span> <span class='ocrx_word' id='word_1_25' title='bbox 336 342 403 361; x_wconf 89' lang='lat' dir='ltr'><strong>codices</strong></span> <span class='ocrx_word' id='word_1_26' title='bbox 417 347 452 360; x_wconf 89' lang='lat' dir='ltr'><strong>mss</strong></span> <span class='ocrx_word' id='word_1_27' title='bbox 472 341 554 360; x_wconf 78' lang='lat' dir='ltr'><strong>historiae</strong></span> <span class='ocrx_word' id='word_1_28' title='bbox 569 341 649 364; x_wconf 73' lang='lat' dir='ltr'><strong>profanae</strong></span> <span class='ocrx_word' id='word_1_29' title='bbox 664 340 727 359; x_wconf 78' lang='lat' dir='ltr'><strong>latiuos</strong></span> <span class='ocrx_word' id='word_1_30' title='bbox 737 340 837 364; x_wconf 81' lang='lat' dir='ltr'><strong>trigesimus</strong></span> <span class='ocrx_word' id='word_1_31' title='bbox 846 347 899 365; x_wconf 80' lang='lat' dir='ltr'><strong>supra</strong></span> <span class='ocrx_word' id='word_1_32' title='bbox 908 347 979 360; x_wconf 80' lang='lat' dir='ltr'><strong>sexcen-</strong></span> 
     </span>
     <span class='ocr_line' id='line_1_7' title="bbox 277 371 978 396; baseline 0 -4"><span class='ocrx_word' id='word_1_33' title='bbox 277 373 356 392; x_wconf 80' lang='lat' dir='ltr'><strong>tesimum</strong></span> <span class='ocrx_word' id='word_1_34' title='bbox 370 373 428 396; x_wconf 77' lang='lat' dir='ltr'><strong>(vetus</strong></span> <span class='ocrx_word' id='word_1_35' title='bbox 442 371 530 395; x_wconf 78' lang='lat' dir='ltr'><strong>signatio),</strong></span> <span class='ocrx_word' id='word_1_36' title='bbox 550 372 618 394; x_wconf 79' lang='lat' dir='ltr'><strong>praeter</strong></span> <span class='ocrx_word' id='word_1_37' title='bbox 632 371 701 395; x_wconf 78' lang='lat' dir='ltr'><strong>caspari</strong></span> <span class='ocrx_word' id='word_1_38' title='bbox 716 372 783 390; x_wconf 83' lang='lat' dir='ltr'><strong>Pansae</strong></span> <span class='ocrx_word' id='word_1_39' title='bbox 797 371 830 390; x_wconf 83' lang='lat' dir='ltr'><strong>iter</strong></span> <span class='ocrx_word' id='word_1_40' title='bbox 848 377 857 390; x_wconf 95' lang='lat' dir='ltr'><strong>e</strong></span> <span class='ocrx_word' id='word_1_41' title='bbox 878 372 978 392; x_wconf 75' lang='lat' dir='ltr'><strong>Germaniae</strong></span> 
     </span>
     <span class='ocr_line' id='line_1_8' title="bbox 276 402 979 427; baseline 0.001 -6"><span class='ocrx_word' id='word_1_42' title='bbox 276 403 340 422; x_wconf 83' lang='lat' dir='ltr'><strong>finibus</strong></span> <span class='ocrx_word' id='word_1_43' title='bbox 355 403 372 421; x_wconf 89' lang='lat' dir='ltr'><strong>iu</strong></span> <span class='ocrx_word' id='word_1_44' title='bbox 386 402 461 422; x_wconf 81' lang='lat' dir='ltr'><strong>Galliam</strong></span> <span class='ocrx_word' id='word_1_45' title='bbox 474 408 518 421; x_wconf 83' lang='lat' dir='ltr'><strong>auno</strong></span> <span class='ocrx_word' id='word_1_46' title='bbox 535 402 584 420; x_wconf 86' lang='lat'>1610</span> <span class='ocrx_word' id='word_1_47' title='bbox 599 403 703 425; x_wconf 78' lang='lat' dir='ltr'><strong>susceptum,</strong></span> <span class='ocrx_word' id='word_1_48' title='bbox 722 402 766 425; x_wconf 84' lang='lat' dir='ltr'><strong>quod</strong></span> <span class='ocrx_word' id='word_1_49' title='bbox 784 402 801 420; x_wconf 92' lang='lat' dir='ltr'><strong>in</strong></span> <span class='ocrx_word' id='word_1_50' title='bbox 819 402 878 421; x_wconf 80' lang='lat' dir='ltr'><strong>charta</strong></span> <span class='ocrx_word' id='word_1_51' title='bbox 896 403 979 427; x_wconf 83' lang='lat' dir='ltr'><strong>scriptum</strong></span> 
     </span>
     <span class='ocr_line' id='line_1_9' title="bbox 275 432 978 458; baseline 0.001 -6"><span class='ocrx_word' id='word_1_52' title='bbox 275 435 308 457; x_wconf 79' lang='lat' dir='ltr'><strong>est,</strong></span> <span class='ocrx_word' id='word_1_53' title='bbox 323 433 370 453; x_wconf 81' lang='lat' dir='ltr'><strong>foliis</strong></span> <span class='ocrx_word' id='word_1_54' title='bbox 385 433 517 452; x_wconf 70' lang='lat' dir='ltr'><strong>membranaceis</strong></span> <span class='ocrx_word' id='word_1_55' title='bbox 532 434 604 456; x_wconf 80' lang='lat' dir='ltr'><strong>quatuor</strong></span> <span class='ocrx_word' id='word_1_56' title='bbox 618 434 635 451; x_wconf 77' lang='lat' dir='ltr'><strong>et</strong></span> <span class='ocrx_word' id='word_1_57' title='bbox 649 432 717 456; x_wconf 79' lang='lat' dir='ltr'><strong>viginti,</strong></span> <span class='ocrx_word' id='word_1_58' title='bbox 733 433 802 455; x_wconf 77' lang='lat' dir='ltr'><strong>formae,</strong></span> <span class='ocrx_word' id='word_1_59' title='bbox 817 439 867 457; x_wconf 74' lang='lat' dir='ltr'><strong>quam</strong></span> <span class='ocrx_word' id='word_1_60' title='bbox 877 434 978 458; x_wconf 88' lang='lat' dir='ltr'><strong>quadripar-</strong></span> 
     </span>
     <span class='ocr_line' id='line_1_10' title="bbox 276 463 978 487; baseline 0.001 -4"><span class='ocrx_word' id='word_1_61' title='bbox 276 465 325 483; x_wconf 71' lang='lat' dir='ltr'><strong>titam</strong></span> <span class='ocrx_word' id='word_1_62' title='bbox 339 464 433 486; x_wconf 79' lang='lat' dir='ltr'><strong>nominant,</strong></span> <span class='ocrx_word' id='word_1_63' title='bbox 453 463 528 485; x_wconf 72' lang='lat' dir='ltr'><strong>maioris,</strong></span> <span class='ocrx_word' id='word_1_64' title='bbox 543 469 612 482; x_wconf 83' lang='lat' dir='ltr'><strong>aureum</strong></span> <span class='ocrx_word' id='word_1_65' title='bbox 631 463 715 487; x_wconf 81' lang='lat' dir='ltr'><strong>Anonymi</strong></span> <span class='ocrx_word' id='word_1_66' title='bbox 734 463 786 482; x_wconf 71' lang='lat' dir='ltr'><strong>Belee</strong></span> <span class='ocrx_word' id='word_1_67' title='bbox 806 463 853 487; x_wconf 78' lang='lat' dir='ltr'><strong>regis</strong></span> <span class='ocrx_word' id='word_1_68' title='bbox 874 465 937 483; x_wconf 78' lang='lat' dir='ltr'><strong>notarii</strong></span> <span class='ocrx_word' id='word_1_69' title='bbox 957 466 978 484; x_wconf 89' lang='lat' dir='ltr'><strong>de</strong></span> 
     </span>
     <span class='ocr_line' id='line_1_11' title="bbox 274 493 977 519; baseline 0 -5"><span class='ocrx_word' id='word_1_70' title='bbox 274 495 329 519; x_wconf 83' lang='lat' dir='ltr'><strong>gestis</strong></span> <span class='ocrx_word' id='word_1_71' title='bbox 343 495 465 518; x_wconf 75' lang='lat' dir='ltr'><strong>Huugarorum</strong></span> <span class='ocrx_word' id='word_1_72' title='bbox 479 494 556 512; x_wconf 86' lang='lat' dir='ltr'><strong>libellum</strong></span> <span class='ocrx_word' id='word_1_73' title='bbox 570 494 696 517; x_wconf 69' lang='lat' dir='ltr'><strong>complectitur.</strong></span> <span class='ocrx_word' id='word_1_74' title='bbox 716 493 779 519; x_wconf 84' lang='lat' dir='ltr'><strong>(Hodie</strong></span> <span class='ocrx_word' id='word_1_75' title='bbox 797 500 807 512; x_wconf 84' lang='lat' dir='ltr'><strong>a</strong></span> <span class='ocrx_word' id='word_1_76' title='bbox 821 494 909 513; x_wconf 80' lang='lat' dir='ltr'><strong>chartaceo</strong></span> <span class='ocrx_word' id='word_1_77' title='bbox 929 501 977 519; x_wconf 80' lang='lat' dir='ltr'><strong>sepa-</strong></span> 
     </span>
     <span class='ocr_line' id='line_1_12' title="bbox 274 526 380 548; baseline 0 -4"><span class='ocrx_word' id='word_1_78' title='bbox 274 526 322 544; x_wconf 81' lang='lat' dir='ltr'><strong>ratus</strong></span> <span class='ocrx_word' id='word_1_79' title='bbox 338 526 380 548; x_wconf 74' lang='lat' dir='ltr'><strong>est.)</strong></span> 
     </span>
    </p>

    <p class='ocr_par' dir='ltr' id='par_1_5' title="bbox 272 555 977 793">
     <span class='ocr_line' id='line_1_13' title="bbox 353 555 977 579; baseline 0.002 -5"><span class='ocrx_word' id='word_1_80' title='bbox 353 555 421 575; x_wconf 78' lang='lat' dir='ltr'><strong>Codicis</strong></span> <span class='ocrx_word' id='word_1_81' title='bbox 435 561 479 574; x_wconf 83' lang='lat' dir='ltr'><strong>anuo</strong></span> <span class='ocrx_word' id='word_1_82' title='bbox 496 556 544 574; x_wconf 79' lang='lat'><strong>1665</strong></span> <span class='ocrx_word' id='word_1_83' title='bbox 559 555 656 578; x_wconf 76' lang='lat' dir='ltr'><strong>Ambrasio,</strong></span> <span class='ocrx_word' id='word_1_84' title='bbox 675 560 714 573; x_wconf 84' lang='lat' dir='ltr'><strong>arce</strong></span> <span class='ocrx_word' id='word_1_85' title='bbox 732 555 805 579; x_wconf 82' lang='lat' dir='ltr'><strong>Tyrolis.</strong></span> <span class='ocrx_word' id='word_1_86' title='bbox 824 556 853 574; x_wconf 85' lang='lat' dir='ltr'><strong>ubi</strong></span> <span class='ocrx_word' id='word_1_87' title='bbox 867 561 904 574; x_wconf 92' lang='lat' dir='ltr'><strong>cum</strong></span> <span class='ocrx_word' id='word_1_88' title='bbox 918 556 977 575; x_wconf 84' lang='lat' dir='ltr'><strong>multis</strong></span> 
     </span>
     <span class='ocr_line' id='line_1_14' title="bbox 274 585 977 610; baseline 0.001 -5"><span class='ocrx_word' id='word_1_89' title='bbox 274 586 313 605; x_wconf 83' lang='lat' dir='ltr'><strong>aliis</strong></span> <span class='ocrx_word' id='word_1_90' title='bbox 328 586 402 610; x_wconf 84' lang='lat' dir='ltr'><strong>egregiis</strong></span> <span class='ocrx_word' id='word_1_91' title='bbox 416 586 516 609; x_wconf 72' lang='lat' dir='ltr'><strong>omnigenae</strong></span> <span class='ocrx_word' id='word_1_92' title='bbox 530 585 614 604; x_wconf 71' lang='lat' dir='ltr'><strong>historiae</strong></span> <span class='ocrx_word' id='word_1_93' title='bbox 629 585 750 608; x_wconf 84' lang='lat' dir='ltr'><strong>monumentis,</strong></span> <span class='ocrx_word' id='word_1_94' title='bbox 761 585 806 604; x_wconf 89' lang='lat' dir='ltr'><strong>inter</strong></span> <span class='ocrx_word' id='word_1_95' title='bbox 813 586 922 605; x_wconf 84' lang='lat' dir='ltr'><strong>archiducum</strong></span> <span class='ocrx_word' id='word_1_96' title='bbox 932 587 977 606; x_wconf 85' lang='lat' dir='ltr'><strong>Aus-</strong></span> 
     </span>
     <span class='ocr_line' id='line_1_15' title="bbox 274 616 975 640; baseline 0 -4"><span class='ocrx_word' id='word_1_97' title='bbox 274 617 317 636; x_wconf 71' lang='lat' dir='ltr'><strong>triae</strong></span> <span class='ocrx_word' id='word_1_98' title='bbox 331 617 398 636; x_wconf 87' lang='lat' dir='ltr'><strong>cimelia</strong></span> <span class='ocrx_word' id='word_1_99' title='bbox 412 616 539 635; x_wconf 74' lang='lat' dir='ltr'><strong>recondebatur.</strong></span> <span class='ocrx_word' id='word_1_100' title='bbox 551 616 665 634; x_wconf 76' lang='lat' dir='ltr'><strong>bibliothecae</strong></span> <span class='ocrx_word' id='word_1_101' title='bbox 679 621 768 635; x_wconf 75' lang='lat' dir='ltr'><strong>caesareae</strong></span> <span class='ocrx_word' id='word_1_102' title='bbox 782 616 910 636; x_wconf 84' lang='lat' dir='ltr'><strong>Vindcbunensi</strong></span> <span class='ocrx_word' id='word_1_103' title='bbox 926 617 975 640; x_wconf 86' lang='lat' dir='ltr'><strong>illati,</strong></span> 
     </span>
     <span class='ocr_line' id='line_1_16' title="bbox 274 646 976 671; baseline 0.001 -5"><span class='ocrx_word' id='word_1_104' title='bbox 274 653 346 671; x_wconf 77' lang='lat' dir='ltr'><strong>magnus</strong></span> <span class='ocrx_word' id='word_1_105' title='bbox 364 647 394 666; x_wconf 88' lang='lat' dir='ltr'><strong>ille</strong></span> <span class='ocrx_word' id='word_1_106' title='bbox 412 647 475 665; x_wconf 85' lang='lat' dir='ltr'><strong>Petrus</strong></span> <span class='ocrx_word' id='word_1_107' title='bbox 495 646 602 669; x_wconf 77' lang='lat' dir='ltr'><strong>Lambecius,</strong></span> <span class='ocrx_word' id='word_1_108' title='bbox 624 646 642 665; x_wconf 87' lang='lat' dir='ltr'><strong>in</strong></span> <span class='ocrx_word' id='word_1_109' title='bbox 662 646 717 665; x_wconf 79' lang='lat' dir='ltr'><strong>diario</strong></span> <span class='ocrx_word' id='word_1_110' title='bbox 738 647 782 665; x_wconf 83' lang='lat' dir='ltr'><strong>sacri</strong></span> <span class='ocrx_word' id='word_1_111' title='bbox 803 647 873 666; x_wconf 79' lang='lat' dir='ltr'><strong>itineris</strong></span> <span class='ocrx_word' id='word_1_112' title='bbox 894 648 976 667; x_wconf 80' lang='lat' dir='ltr'><strong>Cellensis</strong></span> 
     </span>
     <span class='ocr_line' id='line_1_17' title="bbox 273 676 976 702; baseline 0 -5"><span class='ocrx_word' id='word_1_113' title='bbox 273 678 362 702; x_wconf 84' lang='lat' dir='ltr'><strong>(additam.</strong></span> <span class='ocrx_word' id='word_1_114' title='bbox 381 677 405 696; x_wconf 91' lang='lat'><strong>11.</strong></span> <span class='ocrx_word' id='word_1_115' title='bbox 424 683 441 700; x_wconf 87' lang='lat' dir='ltr'><strong>p.</strong></span> <span class='ocrx_word' id='word_1_116' title='bbox 460 677 506 700; x_wconf 82' lang='lat'><strong>267)</strong></span> <span class='ocrx_word' id='word_1_117' title='bbox 529 677 594 700; x_wconf 86' lang='lat' dir='ltr'><strong>primus</strong></span> <span class='ocrx_word' id='word_1_118' title='bbox 613 676 688 695; x_wconf 90' lang='lat' dir='ltr'><strong>omnium</strong></span> <span class='ocrx_word' id='word_1_119' title='bbox 707 677 789 695; x_wconf 85' lang='lat' dir='ltr'><strong>meminit.</strong></span> <span class='ocrx_word' id='word_1_120' title='bbox 810 688 833 691; x_wconf 87' lang='lat'>—</span> <span class='ocrx_word' id='word_1_121' title='bbox 853 688 877 692; x_wconf 79' lang='lat'><strong>—</strong></span> <span class='ocrx_word' id='word_1_122' title='bbox 900 679 976 697; x_wconf 82' lang='lat' dir='ltr'><strong>Joannes</strong></span> 
     </span>
     <span class='ocr_line' id='line_1_18' title="bbox 273 708 976 732; baseline 0 -4"><span class='ocrx_word' id='word_1_123' title='bbox 273 708 358 732; x_wconf 82' lang='lat' dir='ltr'><strong>Georgius</strong></span> <span class='ocrx_word' id='word_1_124' title='bbox 373 708 517 727; x_wconf 81' lang='lat' dir='ltr'><strong>Schwandtncrus</strong></span> <span class='ocrx_word' id='word_1_125' title='bbox 531 713 576 726; x_wconf 83' lang='lat' dir='ltr'><strong>anuo</strong></span> <span class='ocrx_word' id='word_1_126' title='bbox 590 708 656 726; x_wconf 83' lang='lat' dir='ltr'><strong>demum</strong></span> <span class='ocrx_word' id='word_1_127' title='bbox 673 708 722 726; x_wconf 87' lang='grc'><strong>1746</strong></span> <span class='ocrx_word' id='word_1_128' title='bbox 741 708 786 726; x_wconf 93' lang='lat' dir='ltr'><strong>inter</strong></span> <span class='ocrx_word' id='word_1_129' title='bbox 802 708 878 732; x_wconf 82' lang='lat' dir='ltr'><strong>reliquos</strong></span> <span class='ocrx_word' id='word_1_130' title='bbox 894 709 976 728; x_wconf 75' lang='lat' dir='ltr'><strong>historiae</strong></span> 
     </span>
     <span class='ocr_line' id='line_1_19' title="bbox 272 738 975 763; baseline 0 -5"><span class='ocrx_word' id='word_1_131' title='bbox 272 738 375 763; x_wconf 75' lang='lat' dir='ltr'><strong>hungaricae</strong></span> <span class='ocrx_word' id='word_1_132' title='bbox 389 738 483 762; x_wconf 77' lang='lat' dir='ltr'><strong>scriptores</strong></span> <span class='ocrx_word' id='word_1_133' title='bbox 497 739 569 760; x_wconf 82' lang='lat' dir='ltr'><strong>velcres,</strong></span> <span class='ocrx_word' id='word_1_134' title='bbox 584 738 651 756; x_wconf 89' lang='lat' dir='ltr'><strong>meliori</strong></span> <span class='ocrx_word' id='word_1_135' title='bbox 665 738 724 761; x_wconf 81' lang='lat' dir='ltr'><strong>utiquo</strong></span> <span class='ocrx_word' id='word_1_136' title='bbox 733 738 805 757; x_wconf 79' lang='lat' dir='ltr'><strong>consilio</strong></span> <span class='ocrx_word' id='word_1_137' title='bbox 815 744 865 762; x_wconf 81' lang='lat' dir='ltr'><strong>quam</strong></span> <span class='ocrx_word' id='word_1_138' title='bbox 879 739 925 758; x_wconf 84' lang='lat' dir='ltr'><strong>felici</strong></span> <span class='ocrx_word' id='word_1_139' title='bbox 937 745 975 758; x_wconf 87' lang='lat' dir='ltr'><strong>suc·</strong></span> 
     </span>
     <span class='ocr_line' id='line_1_20' title="bbox 273 768 614 793; baseline -0.003 -5"><span class='ocrx_word' id='word_1_140' title='bbox 273 775 322 788; x_wconf 88' lang='lat' dir='ltr'><strong>cessu</strong></span> <span class='ocrx_word' id='word_1_141' title='bbox 336 769 383 793; x_wconf 80' lang='lat' dir='ltr'><strong>typis</strong></span> <span class='ocrx_word' id='word_1_142' title='bbox 397 769 527 787; x_wconf 80' lang='lat' dir='ltr'><strong>exscribendum</strong></span> <span class='ocrx_word' id='word_1_143' title='bbox 541 768 614 787; x_wconf 82' lang='lat' dir='ltr'><strong>curauit.</strong></span> 
     </span>
    </p>

    <p class='ocr_par' dir='ltr' id='par_1_6' title="bbox 271 799 975 971">
     <span class='ocr_line' id='line_1_21' title="bbox 350 799 975 824; baseline 0 -5"><span class='ocrx_word' id='word_1_144' title='bbox 350 800 452 819; x_wconf 79' lang='lat' dir='ltr'><strong>Absoluitur</strong></span> <span class='ocrx_word' id='word_1_145' title='bbox 466 800 518 818; x_wconf 81' lang='lat' dir='ltr'><strong>codex</strong></span> <span class='ocrx_word' id='word_1_146' title='bbox 533 801 551 818; x_wconf 88' lang='lat' dir='ltr'><strong>ut</strong></span> <span class='ocrx_word' id='word_1_147' title='bbox 570 799 644 818; x_wconf 83' lang='lat' dir='ltr'><strong>diximus</strong></span> <span class='ocrx_word' id='word_1_148' title='bbox 662 799 709 818; x_wconf 79' lang='lat' dir='ltr'><strong>foliis</strong></span> <span class='ocrx_word' id='word_1_149' title='bbox 726 800 859 819; x_wconf 75' lang='lat' dir='ltr'><strong>membranaceis</strong></span> <span class='ocrx_word' id='word_1_150' title='bbox 877 800 939 824; x_wconf 77' lang='lat' dir='ltr'><strong>viginti</strong></span> <span class='ocrx_word' id='word_1_151' title='bbox 958 802 975 820; x_wconf 89' lang='lat' dir='ltr'><strong>et</strong></span> 
     </span>
     <span class='ocr_line' id='line_1_22' title="bbox 272 829 974 854; baseline 0.001 -5"><span class='ocrx_word' id='word_1_152' title='bbox 272 831 350 854; x_wconf 84' lang='lat' dir='ltr'><strong>quatuor.</strong></span> <span class='ocrx_word' id='word_1_153' title='bbox 365 831 464 849; x_wconf 73' lang='lat' dir='ltr'><strong>Membrana</strong></span> <span class='ocrx_word' id='word_1_154' title='bbox 479 832 524 849; x_wconf 78' lang='lat' dir='ltr'><strong>tactu</strong></span> <span class='ocrx_word' id='word_1_155' title='bbox 538 830 604 854; x_wconf 80' lang='lat' dir='ltr'><strong>glabra,</strong></span> <span class='ocrx_word' id='word_1_156' title='bbox 620 829 722 851; x_wconf 78' lang='lat' dir='ltr'><strong>duriuscula,</strong></span> <span class='ocrx_word' id='word_1_157' title='bbox 738 830 767 848; x_wconf 89' lang='lat' dir='ltr'><strong>sed</strong></span> <span class='ocrx_word' id='word_1_158' title='bbox 781 831 826 854; x_wconf 85' lang='lat' dir='ltr'><strong>quod</strong></span> <span class='ocrx_word' id='word_1_159' title='bbox 840 830 857 849; x_wconf 83' lang='lat' dir='ltr'><strong>in</strong></span> <span class='ocrx_word' id='word_1_160' title='bbox 870 832 974 850; x_wconf 77' lang='lat' dir='ltr'><strong>membranis</strong></span> 
     </span>
     <span class='ocr_line' id='line_1_23' title="bbox 272 860 974 885; baseline 0.001 -5"><span class='ocrx_word' id='word_1_161' title='bbox 272 867 343 885; x_wconf 75' lang='lat' dir='ltr'><strong>magnae</strong></span> <span class='ocrx_word' id='word_1_162' title='bbox 357 861 413 879; x_wconf 83' lang='lat' dir='ltr'><strong>laudis</strong></span> <span class='ocrx_word' id='word_1_163' title='bbox 427 866 465 879; x_wconf 85' lang='lat' dir='ltr'><strong>csse</strong></span> <span class='ocrx_word' id='word_1_164' title='bbox 479 861 529 883; x_wconf 67' lang='lat' dir='ltr'><strong>solet,</strong></span> <span class='ocrx_word' id='word_1_165' title='bbox 544 860 621 879; x_wconf 83' lang='lat' dir='ltr'><strong>candida.</strong></span> <span class='ocrx_word' id='word_1_166' title='bbox 636 860 728 879; x_wconf 76' lang='lat' dir='ltr'><strong>Foramina</strong></span> <span class='ocrx_word' id='word_1_167' title='bbox 741 862 758 878; x_wconf 89' lang='lat' dir='ltr'><strong>et</strong></span> <span class='ocrx_word' id='word_1_168' title='bbox 772 860 864 885; x_wconf 76' lang='lat' dir='ltr'><strong>scissurae,</strong></span> <span class='ocrx_word' id='word_1_169' title='bbox 874 867 916 885; x_wconf 84' lang='lat' dir='ltr'><strong>quas</strong></span> <span class='ocrx_word' id='word_1_170' title='bbox 926 862 974 885; x_wconf 88' lang='lat' dir='ltr'><strong>prius</strong></span> 
     </span>
     <span class='ocr_line' id='line_1_24' title="bbox 271 890 974 915; baseline 0.001 -5"><span class='ocrx_word' id='word_1_171' title='bbox 271 897 322 915; x_wconf 86' lang='lat' dir='ltr'><strong>quam</strong></span> <span class='ocrx_word' id='word_1_172' title='bbox 335 891 353 910; x_wconf 86' lang='lat' dir='ltr'><strong>iu</strong></span> <span class='ocrx_word' id='word_1_173' title='bbox 367 891 453 910; x_wconf 81' lang='lat' dir='ltr'><strong>scribendi</strong></span> <span class='ocrx_word' id='word_1_174' title='bbox 468 897 517 910; x_wconf 87' lang='lat' dir='ltr'><strong>usum</strong></span> <span class='ocrx_word' id='word_1_175' title='bbox 531 891 641 909; x_wconf 79' lang='lat' dir='ltr'><strong>adhiberetur</strong></span> <span class='ocrx_word' id='word_1_176' title='bbox 655 890 720 910; x_wconf 80' lang='lat' dir='ltr'><strong>habuit.</strong></span> <span class='ocrx_word' id='word_1_177' title='bbox 739 896 789 909; x_wconf 89' lang='lat' dir='ltr'><strong>voces</strong></span> <span class='ocrx_word' id='word_1_178' title='bbox 807 891 853 910; x_wconf 86' lang='lat' dir='ltr'><strong>enim</strong></span> <span class='ocrx_word' id='word_1_179' title='bbox 871 892 974 911; x_wconf 81' lang='lat' dir='ltr'><strong>intercalant</strong></span> 
     </span>
     <span class='ocr_line' id='line_1_25' title="bbox 271 921 973 946; baseline 0 -5"><span class='ocrx_word' id='word_1_180' title='bbox 271 922 394 945; x_wconf 73' lang='lat' dir='ltr'><strong>tantummodo,</strong></span> <span class='ocrx_word' id='word_1_181' title='bbox 409 923 439 941; x_wconf 85' lang='lat' dir='ltr'><strong>aut</strong></span> <span class='ocrx_word' id='word_1_182' title='bbox 452 922 527 946; x_wconf 79' lang='lat' dir='ltr'><strong>syllabas</strong></span> <span class='ocrx_word' id='word_1_183' title='bbox 541 921 630 943; x_wconf 78' lang='lat' dir='ltr'><strong>dirimunt,</strong></span> <span class='ocrx_word' id='word_1_184' title='bbox 647 921 671 940; x_wconf 89' lang='lat' dir='ltr'><strong>nil</strong></span> <span class='ocrx_word' id='word_1_185' title='bbox 686 927 756 945; x_wconf 81' lang='lat' dir='ltr'><strong>prorsus</strong></span> <span class='ocrx_word' id='word_1_186' title='bbox 771 922 869 945; x_wconf 84' lang='lat' dir='ltr'><strong>absorbent,</strong></span> <span class='ocrx_word' id='word_1_187' title='bbox 883 928 920 941; x_wconf 91' lang='lat' dir='ltr'><strong>curu</strong></span> <span class='ocrx_word' id='word_1_188' title='bbox 935 923 973 946; x_wconf 92' lang='lat' dir='ltr'><strong>plu-</strong></span> 
     </span>
     <span class='ocr_line' id='line_1_26' title="bbox 271 951 823 971; baseline -0.002 0"><span class='ocrx_word' id='word_1_189' title='bbox 271 952 320 971; x_wconf 80' lang='lat' dir='ltr'><strong>rimis</strong></span> <span class='ocrx_word' id='word_1_190' title='bbox 334 952 373 971; x_wconf 87' lang='lat' dir='ltr'><strong>aliis</strong></span> <span class='ocrx_word' id='word_1_191' title='bbox 387 952 474 971; x_wconf 84' lang='lat' dir='ltr'><strong>codicibus</strong></span> <span class='ocrx_word' id='word_1_192' title='bbox 489 952 622 971; x_wconf 74' lang='lat' dir='ltr'><strong>membranaceis</strong></span> <span class='ocrx_word' id='word_1_193' title='bbox 636 951 652 970; x_wconf 82' lang='lat' dir='ltr'><strong>ei</strong></span> <span class='ocrx_word' id='word_1_194' title='bbox 666 957 763 971; x_wconf 89' lang='lat' dir='ltr'><strong>communes</strong></span> <span class='ocrx_word' id='word_1_195' title='bbox 777 954 823 971; x_wconf 85' lang='lat' dir='ltr'><strong>sunt.</strong></span> 
     </span>
    </p>

    <p class='ocr_par' dir='ltr' id='par_1_7' title="bbox 266 987 972 1347">
     <span class='ocr_line' id='line_1_27' title="bbox 349 987 972 1010; baseline 0 -4"><span class='ocrx_word' id='word_1_196' title='bbox 349 987 402 1006; x_wconf 88' lang='lat' dir='ltr'><strong>Primi</strong></span> <span class='ocrx_word' id='word_1_197' title='bbox 417 987 455 1006; x_wconf 79' lang='lat' dir='ltr'><strong>folii</strong></span> <span class='ocrx_word' id='word_1_198' title='bbox 469 987 521 1006; x_wconf 79' lang='lat' dir='ltr'><strong>facies</strong></span> <span class='ocrx_word' id='word_1_199' title='bbox 535 987 612 1006; x_wconf 84' lang='lat' dir='ltr'><strong>anterior</strong></span> <span class='ocrx_word' id='word_1_200' title='bbox 626 992 678 1005; x_wconf 77' lang='lat' dir='ltr'><strong>vacua</strong></span> <span class='ocrx_word' id='word_1_201' title='bbox 692 987 757 1010; x_wconf 79' lang='lat' dir='ltr'><strong>relicta,</strong></span> <span class='ocrx_word' id='word_1_202' title='bbox 776 988 796 1006; x_wconf 80' lang='lat' dir='ltr'><strong>ad</strong></span> <span class='ocrx_word' id='word_1_203' title='bbox 811 993 849 1006; x_wconf 89' lang='lat' dir='ltr'><strong>eum</strong></span> <span class='ocrx_word' id='word_1_204' title='bbox 863 988 907 1006; x_wconf 86' lang='lat' dir='ltr'><strong>haud</strong></span> <span class='ocrx_word' id='word_1_205' title='bbox 921 988 972 1007; x_wconf 80' lang='lat' dir='ltr'><strong>dubie</strong></span> 
     </span>
     <span class='ocr_line' id='line_1_28' title="bbox 270 1017 972 1042; baseline 0 -6"><span class='ocrx_word' id='word_1_206' title='bbox 270 1018 327 1041; x_wconf 71' lang='lat' dir='ltr'><strong>finem,</strong></span> <span class='ocrx_word' id='word_1_207' title='bbox 341 1019 361 1036; x_wconf 90' lang='lat' dir='ltr'><strong>ut</strong></span> <span class='ocrx_word' id='word_1_208' title='bbox 374 1018 414 1036; x_wconf 84' lang='lat' dir='ltr'><strong>data</strong></span> <span class='ocrx_word' id='word_1_209' title='bbox 428 1018 562 1041; x_wconf 81' lang='lat' dir='ltr'><strong>opportunitate,</strong></span> <span class='ocrx_word' id='word_1_210' title='bbox 577 1017 683 1041; x_wconf 82' lang='lat' dir='ltr'><strong>calligrapho</strong></span> <span class='ocrx_word' id='word_1_211' title='bbox 697 1019 727 1036; x_wconf 78' lang='lat' dir='ltr'><strong>aut</strong></span> <span class='ocrx_word' id='word_1_212' title='bbox 737 1018 847 1040; x_wconf 73' lang='lat' dir='ltr'><strong>rubricatam,</strong></span> <span class='ocrx_word' id='word_1_213' title='bbox 861 1018 889 1042; x_wconf 82' lang='lat' dir='ltr'><strong>qui</strong></span> <span class='ocrx_word' id='word_1_214' title='bbox 899 1020 918 1037; x_wconf 83' lang='lat' dir='ltr'><strong>ut</strong></span> <span class='ocrx_word' id='word_1_215' title='bbox 927 1019 972 1042; x_wconf 85' lang='lat' dir='ltr'><strong>apud</strong></span> 
     </span>
     <span class='ocr_line' id='line_1_29' title="bbox 269 1048 971 1072; baseline 0.001 -5"><span class='ocrx_word' id='word_1_216' title='bbox 269 1054 340 1072; x_wconf 82' lang='lat' dir='ltr'><strong>graecos</strong></span> <span class='ocrx_word' id='word_1_217' title='bbox 355 1048 384 1067; x_wconf 83' lang='lat' dir='ltr'><strong>vix</strong></span> <span class='ocrx_word' id='word_1_218' title='bbox 398 1054 431 1067; x_wconf 87' lang='lat' dir='ltr'><strong>uon</strong></span> <span class='ocrx_word' id='word_1_219' title='bbox 446 1054 518 1072; x_wconf 73' lang='lat' dir='ltr'><strong>semper,</strong></span> <span class='ocrx_word' id='word_1_220' title='bbox 538 1048 563 1067; x_wconf 75' lang='lat' dir='ltr'><strong>ita</strong></span> <span class='ocrx_word' id='word_1_221' title='bbox 576 1049 594 1067; x_wconf 76' lang='lat' dir='ltr'><strong>ot</strong></span> <span class='ocrx_word' id='word_1_222' title='bbox 612 1048 656 1071; x_wconf 79' lang='lat' dir='ltr'><strong>apud</strong></span> <span class='ocrx_word' id='word_1_223' title='bbox 674 1048 742 1070; x_wconf 77' lang='lat' dir='ltr'><strong>latinos,</strong></span> <span class='ocrx_word' id='word_1_224' title='bbox 764 1054 798 1067; x_wconf 91' lang='lat' dir='ltr'><strong>non</strong></span> <span class='ocrx_word' id='word_1_225' title='bbox 812 1054 851 1067; x_wconf 86' lang='lat' dir='ltr'><strong>raro</strong></span> <span class='ocrx_word' id='word_1_226' title='bbox 864 1054 874 1067; x_wconf 82' lang='lat' dir='ltr'><strong>a</strong></span> <span class='ocrx_word' id='word_1_227' title='bbox 894 1049 971 1072; x_wconf 77' lang='lat' dir='ltr'><strong>librario,</strong></span> 
     </span>
     <span class='ocr_line' id='line_1_30' title="bbox 269 1078 972 1103; baseline 0.001 -6"><span class='ocrx_word' id='word_1_228' title='bbox 269 1079 298 1102; x_wconf 88' lang='lat' dir='ltr'><strong>qui</strong></span> <span class='ocrx_word' id='word_1_229' title='bbox 312 1079 386 1097; x_wconf 85' lang='lat' dir='ltr'><strong>codicem</strong></span> <span class='ocrx_word' id='word_1_230' title='bbox 400 1079 483 1100; x_wconf 76' lang='lat' dir='ltr'><strong>exarauit,</strong></span> <span class='ocrx_word' id='word_1_231' title='bbox 494 1079 572 1097; x_wconf 84' lang='lat' dir='ltr'><strong>diuersus</strong></span> <span class='ocrx_word' id='word_1_232' title='bbox 582 1078 651 1097; x_wconf 88' lang='lat' dir='ltr'><strong>omnino</strong></span> <span class='ocrx_word' id='word_1_233' title='bbox 662 1078 699 1100; x_wconf 83' lang='lat' dir='ltr'><strong>fuit,</strong></span> <span class='ocrx_word' id='word_1_234' title='bbox 715 1078 776 1097; x_wconf 80' lang='lat' dir='ltr'><strong>titulus</strong></span> <span class='ocrx_word' id='word_1_235' title='bbox 790 1079 875 1103; x_wconf 80' lang='lat' dir='ltr'><strong>opusculi,</strong></span> <span class='ocrx_word' id='word_1_236' title='bbox 889 1085 920 1103; x_wconf 84' lang='lat' dir='ltr'><strong>pro</strong></span> <span class='ocrx_word' id='word_1_237' title='bbox 935 1080 972 1098; x_wconf 89' lang='lat' dir='ltr'><strong>eius</strong></span> 
     </span>
     <span class='ocr_line' id='line_1_31' title="bbox 269 1109 971 1133; baseline 0.001 -5"><span class='ocrx_word' id='word_1_238' title='bbox 269 1109 306 1128; x_wconf 82' lang='lat' dir='ltr'><strong>aeui</strong></span> <span class='ocrx_word' id='word_1_239' title='bbox 322 1115 368 1128; x_wconf 85' lang='lat' dir='ltr'><strong>more</strong></span> <span class='ocrx_word' id='word_1_240' title='bbox 382 1110 465 1133; x_wconf 87' lang='lat' dir='ltr'><strong>modoque</strong></span> <span class='ocrx_word' id='word_1_241' title='bbox 478 1109 606 1133; x_wconf 78' lang='lat' dir='ltr'><strong>adpingerctur.</strong></span> <span class='ocrx_word' id='word_1_242' title='bbox 626 1109 674 1132; x_wconf 75' lang='lat' dir='ltr'><strong>Quod</strong></span> <span class='ocrx_word' id='word_1_243' title='bbox 688 1109 756 1132; x_wconf 84' lang='lat' dir='ltr'><strong>quidem</strong></span> <span class='ocrx_word' id='word_1_244' title='bbox 770 1109 787 1128; x_wconf 89' lang='lat' dir='ltr'><strong>in</strong></span> <span class='ocrx_word' id='word_1_245' title='bbox 802 1111 867 1132; x_wconf 78' lang='lat' dir='ltr'><strong>nostro,</strong></span> <span class='ocrx_word' id='word_1_246' title='bbox 888 1112 940 1133; x_wconf 83' lang='lat' dir='ltr'><strong>prout</strong></span> <span class='ocrx_word' id='word_1_247' title='bbox 954 1110 971 1129; x_wconf 90' lang='lat' dir='ltr'><strong>in</strong></span> 
     </span>
     <span class='ocr_line' id='line_1_32' title="bbox 269 1139 971 1164; baseline 0.001 -5"><span class='ocrx_word' id='word_1_248' title='bbox 269 1140 309 1159; x_wconf 81' lang='lat' dir='ltr'><strong>aliis</strong></span> <span class='ocrx_word' id='word_1_249' title='bbox 323 1140 388 1163; x_wconf 70' lang='lat' dir='ltr'><strong>multis,</strong></span> <span class='ocrx_word' id='word_1_250' title='bbox 403 1140 466 1159; x_wconf 80' lang='lat' dir='ltr'><strong>factum</strong></span> <span class='ocrx_word' id='word_1_251' title='bbox 481 1141 507 1158; x_wconf 73' lang='lat' dir='ltr'><strong>ost</strong></span> <span class='ocrx_word' id='word_1_252' title='bbox 522 1145 613 1163; x_wconf 84' lang='lat' dir='ltr'><strong>uunquam.</strong></span> <span class='ocrx_word' id='word_1_253' title='bbox 628 1139 717 1158; x_wconf 71' lang='lat' dir='ltr'><strong>Deiectum</strong></span> <span class='ocrx_word' id='word_1_254' title='bbox 728 1140 773 1158; x_wconf 91' lang='lat' dir='ltr'><strong>hunc</strong></span> <span class='ocrx_word' id='word_1_255' title='bbox 783 1141 801 1158; x_wconf 90' lang='lat' dir='ltr'><strong>ut</strong></span> <span class='ocrx_word' id='word_1_256' title='bbox 811 1141 900 1164; x_wconf 82' lang='lat' dir='ltr'><strong>suppleret</strong></span> <span class='ocrx_word' id='word_1_257' title='bbox 909 1141 971 1160; x_wconf 82' lang='lat' dir='ltr'><strong>Sebas-</strong></span> 
     </span>
     <span class='ocr_line' id='line_1_33' title="bbox 268 1170 971 1195; baseline 0.001 -6"><span class='ocrx_word' id='word_1_258' title='bbox 268 1171 326 1189; x_wconf 80' lang='lat' dir='ltr'><strong>tianus</strong></span> <span class='ocrx_word' id='word_1_259' title='bbox 339 1171 466 1195; x_wconf 68' lang='lat' dir='ltr'><strong>Tengnagelius</strong></span> <span class='ocrx_word' id='word_1_260' title='bbox 481 1170 593 1189; x_wconf 74' lang='lat' dir='ltr'><strong>bibliothecae</strong></span> <span class='ocrx_word' id='word_1_261' title='bbox 607 1176 696 1189; x_wconf 74' lang='lat' dir='ltr'><strong>caesareae</strong></span> <span class='ocrx_word' id='word_1_262' title='bbox 709 1170 750 1189; x_wconf 88' lang='lat' dir='ltr'><strong>olim</strong></span> <span class='ocrx_word' id='word_1_263' title='bbox 764 1171 867 1194; x_wconf 68' lang='lat' dir='ltr'><strong>praefectus,</strong></span> <span class='ocrx_word' id='word_1_264' title='bbox 882 1172 931 1190; x_wconf 77' lang='lat' dir='ltr'><strong>albae</strong></span> <span class='ocrx_word' id='word_1_265' title='bbox 941 1177 971 1195; x_wconf 84' lang='lat' dir='ltr'><strong>pa-</strong></span> 
     </span>
     <span class='ocr_line' id='line_1_34' title="bbox 267 1200 971 1225; baseline 0.001 -6"><span class='ocrx_word' id='word_1_266' title='bbox 267 1201 318 1225; x_wconf 78' lang='lat' dir='ltr'><strong>ginae</strong></span> <span class='ocrx_word' id='word_1_267' title='bbox 332 1201 429 1220; x_wconf 74' lang='lat' dir='ltr'><strong>schedulam</strong></span> <span class='ocrx_word' id='word_1_268' title='bbox 443 1201 565 1224; x_wconf 69' lang='lat' dir='ltr'><strong>ndglutinauit.</strong></span> <span class='ocrx_word' id='word_1_269' title='bbox 579 1200 663 1224; x_wconf 80' lang='lat' dir='ltr'><strong>inscripto</strong></span> <span class='ocrx_word' id='word_1_270' title='bbox 677 1201 765 1219; x_wconf 84' lang='lat' dir='ltr'><strong>lemmate:</strong></span> <span class='ocrx_word' id='word_1_271' title='bbox 784 1201 863 1220; x_wconf 78' lang='lat' dir='ltr'><strong>Historia</strong></span> <span class='ocrx_word' id='word_1_272' title='bbox 876 1202 971 1225; x_wconf 74' lang='lat' dir='ltr'><strong>hungarica</strong></span> 
     </span>
     <span class='ocr_line' id='line_1_35' title="bbox 267 1231 968 1256; baseline 0.001 -6"><span class='ocrx_word' id='word_1_273' title='bbox 267 1232 288 1250; x_wconf 90' lang='lat' dir='ltr'><strong>de</strong></span> <span class='ocrx_word' id='word_1_274' title='bbox 304 1233 371 1256; x_wconf 82' lang='lat' dir='ltr'><strong>septem</strong></span> <span class='ocrx_word' id='word_1_275' title='bbox 388 1231 448 1255; x_wconf 84' lang='lat' dir='ltr'><strong>primis</strong></span> <span class='ocrx_word' id='word_1_276' title='bbox 464 1231 535 1250; x_wconf 80' lang='lat' dir='ltr'><strong>ducibus</strong></span> <span class='ocrx_word' id='word_1_277' title='bbox 550 1231 654 1255; x_wconf 76' lang='lat' dir='ltr'><strong>Huugeriae,</strong></span> <span class='ocrx_word' id='word_1_278' title='bbox 676 1233 745 1250; x_wconf 85' lang='lat' dir='ltr'><strong>auctore</strong></span> <span class='ocrx_word' id='word_1_279' title='bbox 763 1232 815 1250; x_wconf 86' lang='lat' dir='ltr'><strong>Belac</strong></span> <span class='ocrx_word' id='word_1_280' title='bbox 832 1232 878 1256; x_wconf 84' lang='lat' dir='ltr'><strong>regis</strong></span> <span class='ocrx_word' id='word_1_281' title='bbox 895 1232 968 1251; x_wconf 79' lang='lat' dir='ltr'><strong>notario.</strong></span> 
     </span>
     <span class='ocr_line' id='line_1_36' title="bbox 268 1262 969 1286; baseline 0.001 -6"><span class='ocrx_word' id='word_1_282' title='bbox 268 1263 327 1286; x_wconf 83' lang='lat' dir='ltr'><strong>lncpte</strong></span> <span class='ocrx_word' id='word_1_283' title='bbox 348 1268 399 1284; x_wconf 57' lang='lat' dir='ltr'><strong>samu</strong></span> <span class='ocrx_word' id='word_1_284' title='bbox 417 1267 455 1280; x_wconf 92' lang='lat' dir='ltr'><strong>curn</strong></span> <span class='ocrx_word' id='word_1_285' title='bbox 471 1262 499 1280; x_wconf 92' lang='lat' dir='ltr'><strong>hic</strong></span> <span class='ocrx_word' id='word_1_286' title='bbox 517 1262 578 1281; x_wconf 81' lang='lat' dir='ltr'><strong>titulus</strong></span> <span class='ocrx_word' id='word_1_287' title='bbox 592 1268 647 1286; x_wconf 85' lang='lat' dir='ltr'><strong>neque</strong></span> <span class='ocrx_word' id='word_1_288' title='bbox 661 1262 743 1285; x_wconf 83' lang='lat' dir='ltr'><strong>opusculo</strong></span> <span class='ocrx_word' id='word_1_289' title='bbox 757 1263 853 1285; x_wconf 79' lang='lat' dir='ltr'><strong>conueniat,</strong></span> <span class='ocrx_word' id='word_1_290' title='bbox 874 1263 891 1281; x_wconf 91' lang='lat' dir='ltr'><strong>et</strong></span> <span class='ocrx_word' id='word_1_291' title='bbox 912 1263 969 1286; x_wconf 67' lang='lat' dir='ltr'><strong>verba,</strong></span> 
     </span>
     <span class='ocr_line' id='line_1_37' title="bbox 266 1292 969 1317; baseline 0 -6"><span class='ocrx_word' id='word_1_292' title='bbox 266 1292 328 1316; x_wconf 87' lang='lat' dir='ltr'><strong>quibus</strong></span> <span class='ocrx_word' id='word_1_293' title='bbox 342 1293 395 1311; x_wconf 83' lang='lat' dir='ltr'><strong>codex</strong></span> <span class='ocrx_word' id='word_1_294' title='bbox 410 1298 498 1311; x_wconf 77' lang='lat' dir='ltr'><strong>caesareus</strong></span> <span class='ocrx_word' id='word_1_295' title='bbox 513 1292 589 1311; x_wconf 84' lang='lat' dir='ltr'><strong>orditur:</strong></span> <span class='ocrx_word' id='word_1_296' title='bbox 609 1292 673 1316; x_wconf 83' lang='lat' dir='ltr'><strong>Incipit</strong></span> <span class='ocrx_word' id='word_1_297' title='bbox 687 1293 769 1316; x_wconf 79' lang='lat' dir='ltr'><strong>prologus</strong></span> <span class='ocrx_word' id='word_1_298' title='bbox 783 1293 800 1311; x_wconf 93' lang='lat' dir='ltr'><strong>in</strong></span> <span class='ocrx_word' id='word_1_299' title='bbox 814 1294 865 1317; x_wconf 78' lang='lat' dir='ltr'><strong>gesta</strong></span> <span class='ocrx_word' id='word_1_300' title='bbox 882 1293 969 1317; x_wconf 78' lang='lat' dir='ltr'><strong>hungaro-</strong></span> 
     </span>
     <span class='ocr_line' id='line_1_38' title="bbox 266 1323 968 1347; baseline 0 -5"><span class='ocrx_word' id='word_1_301' title='bbox 266 1329 304 1342; x_wconf 88' lang='lat' dir='ltr'><strong>rum</strong></span> <span class='ocrx_word' id='word_1_302' title='bbox 319 1333 341 1337; x_wconf 86' lang='lat'><strong>—-</strong></span> <span class='ocrx_word' id='word_1_303' title='bbox 356 1323 399 1342; x_wconf 78' lang='lat' dir='ltr'><strong>satis</strong></span> <span class='ocrx_word' id='word_1_304' title='bbox 413 1329 497 1347; x_wconf 80' lang='lat' dir='ltr'><strong>superque</strong></span> <span class='ocrx_word' id='word_1_305' title='bbox 511 1323 592 1346; x_wconf 83' lang='lat' dir='ltr'><strong>indicent,</strong></span> <span class='ocrx_word' id='word_1_306' title='bbox 607 1323 670 1342; x_wconf 87' lang='lat' dir='ltr'><strong>librum</strong></span> <span class='ocrx_word' id='word_1_307' title='bbox 684 1323 728 1342; x_wconf 75' lang='lat' dir='ltr'><strong>huuc</strong></span> <span class='ocrx_word' id='word_1_308' title='bbox 743 1323 763 1341; x_wconf 80' lang='lat' dir='ltr'><strong>·l‹·</strong></span> <span class='ocrx_word' id='word_1_309' title='bbox 776 1324 830 1347; x_wconf 71' lang='lat' dir='ltr'><strong>gestis</strong></span> <span class='ocrx_word' id='word_1_310' title='bbox 845 1324 968 1347; x_wconf 79' lang='lat' dir='ltr'><strong>hungarorum,</strong></span> 
     </span>
    </p>
   </div>
  </div>
 </body>
</html>
