3900 5762
898 459 996 576 79-.

213 689 381 774 ululatu
414 719 574 797 nmgno.
607 691 787 774 quenes
820 719 961 774 eorum
995 721 1043 774 ac
1075 691 1252 798 virgines
1284 688 1446 772 scalidis
1489 689 1621 772 induti

209 813 402 894 vestibus
434 841 508 920 per
539 814 760 896 triennium
794 815 964 896 eboreas
996 841 1077 896 non
1113 815 1335 896 duxerunt.

375 936 444 1015 25.
476 935 630 1040 Regina
663 962 759 1015 vero
793 935 920 1043 llysla
967 936 1135 1019 consilio
1184 937 1420 1043 iniquorum
1453 936 1619 1018 Petrum

213 1057 423 1138 Venetam
457 1057 585 1138 filium
620 1059 767 1141 sororis
801 1085 887 1158 sue,
921 1059 1038 1140 euius
1070 1070 1188 1165 pater
1219 1058 1306 1138 dux
1340 1059 1620 1140 fueratVeue-

213 1193 364 1282 torum,
398 1205 536 1284 regem
569 1179 666 1259 fecit
697 1207 823 1287 super
853 1180 1082 1285 Hungaros‚
1115 1193 1163 1260 ut
1193 1207 1266 1286 pro
1300 1180 1414 1261 libito
1426 1176 1455 1288 ¹)
1483 1198 1623 1289 posset

214 1315 355 1382 motus
388 1327 461 1382 sue
495 1301 716 1383 voluntatis
735 1301 943 1408 perficere,
962 1330 1220 1408 regnumque
1245 1301 1454 1406 Hungarie
1472 1304 1621 1385 amissa

216 1422 408 1506 libertate
458 1422 693 1504 'l'eutonieis
741 1423 997 1506 subderetur.
1045 1424 1266 1530 Postquam
1309 1437 1447 1505 autem
1481 1425 1624 1508 Petrus

214 1571 388 1650 regnare
436 1545 668 1652 incepisset,
717 1573 883 1627 omnem
928 1545 1288 1628 mansuetudinem
1333 1547 1441 1652 regie
1474 1549 1624 1630 abiecit

213 1667 452 1768 rnaiestatis,
487 1682 527 1747 et
557 1667 693 1748 furore
726 1668 952 1748 Teutonico
978 1668 1196 1750 deseuiens
1213 1668 1327 1774 regni
1345 1669 1503 1752 nobiles
1522 1696 1620 1752 con-

213 1791 470 1895 tempnebat,
503 1817 598 1870 cum
634 1785 915 1895 ,llairmnnisb
950 1804 990 1869 et
1025 1790 1175 1872 latinis
1194 1792 1298 1871 bona
1318 1803 1423 1872 terre
1441 1794 1620 1899 superbo

213 1911 337 1992 oculo
371 1925 411 1990 et
460 1910 677 1992 insatiabili
726 1912 847 1992 eorde
896 1912 1146 1992 deuorando.
1196 1911 1444 1994 llluuitiones
1481 1927 1619 1996 auteur

214 2045 348 2114 castra
382 2048 422 2112 et
455 2059 598 2113 omnes
631 2034 742 2138 regni
777 2034 994 2138 dignitates
1027 2035 1079 2116 ab
1107 2033 1312 2140 Hungaris
1330 2037 1521 2119 auferens
1539 2052 1619 2120 tra-

215 2155 344 2236 debat
390 2153 625 2237 'l‘entonieis
674 2169 715 2236 et
760 2156 926 2237 Latinis.
974 2155 1070 2237 Erat
1103 2183 1269 2262 quoque
1302 2157 1409 2238 idem
1443 2158 1623 2241 lasciuus

215 2277 322 2360 ultra
364 2277 547 2377 modum,
596 2277 713 2360 errius
760 2278 955 2359 satellites
1002 2278 1302 2385 turpitudinem
1350 2279 1621 2387 intemperate

215 2398 396 2482 libidinis
429 2412 657 2506 operantes,
690 2427 842 2482 uxores
874 2401 1063 2507 filiasque
1097 2400 1400 2505 Hungarorum‚
1445 2402 1622 2485 ubicun-

217 2548 298 2630 que
331 2520 475 2601 Petrus
508 2548 582 2600 rex
616 2523 868 2623 ambulabat,
902 2523 1103 2603 violenter
1134 2523 1436 2629 opprimebant.
1473 2523 1622 2608 Nullus

217 2645 340 2724 etiam
375 2667 423 2721 eo
455 2657 642 2749 tempore
675 2643 725 2724 de
758 2643 899 2724 uxoris
932 2644 1098 2751 tilieque
1133 2644 1319 2726 castitate
1353 2658 1489 2728 certus
1523 2660 1620 2748 erat,

216 2777 384 2874 propter
415 2763 592 2846 insultus
630 2765 855 2846 aulicorum
906 2767 1012 2847 Petri
1059 2765 1176 2871 regis.
1231 2766 1427 2849 Videntes
1459 2764 1622 2875 igitur³)

217 2886 423 2996 principes
472 2899 512 2966 et
559 2886 718 2968 nobiles
755 2887 869 2993 regni
913 2888 1020 2968 mala
1071 2888 1203 2993 gentis
1247 2915 1320 2971 sue
1354 2916 1435 2996 que
1469 2889 1624 2972 fiebant

217 3023 360 3092 eontra
391 3007 537 3115 legem,
571 3009 875 3091 communicato
909 3009 1090 3110 consilio,
1123 3024 1374 3115 rogauerunt
1406 3026 1622 3118 regennut

215 3133 301 3215 suis
333 3128 575 3237 iniungeret,
593 3158 617 3212 a
635 3145 718 3212 tam
752 3132 984 3213 detestabili
1016 3157 1140 3240 opere
1173 3133 1369 3215 desistere
1387 3133 1475 3216 sine
1493 3158 1621 3215 mora.

215 3253 304 3336 Rex
338 3278 435 3334 vero
483 3252 669 3336 elationis
715 3248 896 3361 faustu⁴l
943 3253 1107 3336 inflatus
1141 3281 1189 3335 ac
1220 3255 1369 3357 furore,
1419 3254 1619 3336 malitiam

213 3405 338 3485 quam
373 3373 413 3455 in
448 3373 569 3455 corde
602 3377 771 3480 gerebat
802 3377 1059 3480 occultand0‚
1094 3403 1189 3458 cum
1223 3389 1309 3456 toto
1335 3402 1498 3456 veneno
1517 3376 1619 3458 effu·

212 3500 271 3580 dit
305 3500 345 3579 in
378 3496 593 3604 publicum
626 3498 683 3578 ita
714 3496 882 3578 dicens:
915 3497 958 3578 Si
989 3498 1245 3604 aliquamdiu
1276 3525 1402 3580 sanus
1435 3524 1503 3579 ero
1532 3524 1621 3580 om·

211 3649 286 3704 nes
319 3620 476 3703 iudices
508 3619 756 3727 spectabiles
790 3620 1049 3702 centuriones
1082 3620 1289 3727 principes
1322 3636 1363 3700 et
1394 3633 1619 3727 potestates

212 3755 392 3826 statuam
425 3741 672 3824 Teutonicos
706 3754 747 3822 et
777 3742 954 3844 latinos,
988 3756 1224 3848 terramque
1263 3740 1473 3848 Hungarie
1506 3743 1620 3849 regni

212 3865 445 3972 hospitibus
477 3863 709 3972 adimplens
744 3864 782 3944 in
816 3863 1045 3946 dominium
1079 3864 1237 3945 tradam
1263 3862 1511 3947 Teutonieis
1529 3864 1620 3947 Hoc

212 3987 353 4095 itaque
385 3986 462 4067 fuit
493 3985 695 4068 discordie
742 3986 1007 4068 seminarium
1057 3986 1162 4066 inter
1209 3986 1375 4068 Petrum
1406 4012 1546 4092 regem
1580 4001 1621 4068 et

214 4109 444 4216 llungaros.
478 4109 599 4189 Anno
634 4134 728 4213 ergo
760 4108 873 4213 regni
905 4109 1013 4190 Petri
1044 4107 1163 4188 tertio
1189 4108 1396 4216 principes
1431 4123 1471 4189 et
1502 4109 1620 4192 nobi-

216 4231 274 4314 les
307 4231 423 4336 regni
458 4230 665 4334 Hungarie
698 4230 986 4337 episcoporum
1021 4229 1190 4312 consilio
1225 4230 1263 4311 in
1301 4259 1431 4313 mmm
1466 4257 1619 4312 conue-

217 4369 367 4436 nerunt
399 4365 538 4433 contra
585 4352 764 4453 Petrum,
814 4365 1034 4458 querentes
1071 4352 1255 4453 sollicite,
1288 4352 1322 4434 si
1354 4352 1534 4458 aliquem
1568 4352 1619 4432 de

217 4475 341 4582 regali
374 4501 524 4580 genere
555 4487 725 4582 possent
756 4474 946 4580 reperire,
990 4475 1059 4580 qui
1103 4486 1212 4556 esset
1242 4473 1415 4556 idoneus
1448 4501 1619 4578 regnum

220 4599 461 4704 gubernare,
510 4623 665 4702 eosque
713 4623 738 4676 a
779 4595 886 4676 Petri
934 4595 1149 4704 tyrannide
1199 4608 1387 4702 potenter
1434 4594 1619 4677 liberare.

220 4718 410 4826 Cumque
443 4719 484 4798 in
517 4745 642 4823 regno
660 4717 783 4798 talem
818 4718 1003 4799 inuenire
1036 4718 1267 4825 potuissent
1297 4717 1535 4820 ullomodo,
1564 4745 1617 4798 ex

330 4978 355 5072 ¹)
384 4977 497 5051 libitu.
529 4977 555 5076 ²)
585 4976 796 5049 Alemannis.
829 4971 857 5076 ³)
886 4999 977 5070 crgo.
1008 4969 1035 5072 ⁴)
1066 4977 1168 5048 lustu.
1262 4983 1265 4988 “
