3896 5758
825 510 980 612 m-

198 728 357 812 tiuitate
390 728 611 811 ducebant.
643 725 735 807 Rex
766 739 907 810 autern
939 727 1153 812 Ladizlaus
1186 755 1281 810 oum
1315 727 1399 812 suis
1430 727 1473 809 in
1490 725 1604 810 Sola·

197 851 322 934 uonia
352 851 499 938 fuerat.
535 848 726 956 Cumque
758 848 801 929 in
832 851 1069 932 reuersione
1102 877 1178 934 sua
1214 851 1294 932 heo
1325 851 1465 932 omnia
1496 878 1604 932 uun·

199 973 386 1076 ciassent,
405 972 526 1056 eitius
574 998 699 1080 quam
748 975 927 1056 soiuerat
971 999 1164 1056 reuersus
1207 985 1270 1056 ost
1310 985 1351 1054 et
1390 1001 1485 1056 eum
1519 973 1604 1055 suis

197 1095 397 1178 militibus
440 1096 627 1177 celeriter
658 1107 752 1200 post
784 1122 853 1178 eos
887 1096 1100 1202 equitauit.
1143 1094 1256 1190 Quos
1289 1096 1397 1177 cirea
1427 1095 1603 1178 fluuium

197 1217 345 1299 Temes
377 1218 548 1299 inuenit.
581 1216 633 1297 Et
664 1216 721 1296 illi
753 1230 947 1324 putantes
979 1245 1023 1299 se
1057 1217 1225 1300 omuino
1267 1245 1357 1301 esse
1398 1218 1603 1322 liberatos,

197 1339 291 1448 plus
334 1340 585 1423 affectabant
626 1338 892 1422 uenationem
942 1367 1066 1446 quam
1111 1339 1282 1422 bellum.
1330 1339 1418 1420 Rex
1462 1353 1603 1421 autem

198 1461 414 1545 Ladizlaus
460 1463 660 1544 militibus
701 1462 786 1545 suis
829 1462 1015 1544 dicebat:
1048 1462 1197 1544 Vtilius
1241 1475 1304 1544 est
1344 1462 1468 1543 miehi
1502 1461 1604 1542 mori

196 1585 427 1686 nobiscum,
471 1611 598 1692 quam
640 1611 792 1668 uxores
824 1597 984 1666 uestras
1017 1601 1057 1665 et
1088 1584 1193 1665 filios
1225 1585 1367 1668 uidere
1399 1585 1441 1665 in
1475 1585 1603 1691 eapti·

196 1706 336 1789 uitare.
370 1706 459 1788 Hec
501 1707 642 1789 dicens
685 1706 989 1810 lacrinrabatur,
1023 1719 1064 1788 et
1096 1707 1253 1814 prunus
1284 1707 1441 1789 uexillo
1473 1707 1604 1789 rubeo

195 1829 399 1937 impetum
431 1830 530 1910 feeit
559 1829 601 1909 iu
635 1843 768 1912 eastra
809 1827 1034 1911 Cunarum.
1082 1827 1369 1936 Contriuitque
1411 1829 1603 1911 dominus

197 1950 337 2033 Cunos
370 1965 466 2032 ante
497 1951 645 2033 faeiem
679 1952 972 2057 hungarorum.
1005 1953 1097 2034 Rex
1128 1951 1269 2058 itaque
1296 1949 1603 2034 Ladizlausmi·

196 2072 335 2156 litibus
368 2074 454 2156 suis
486 2073 713 2155 clamabat:
745 2074 838 2155 Nou
871 2075 1164 2156 interficiamus
1196 2075 1384 2156 homines
1401 2075 1511 2176 istos,
1530 2072 1603 2155 sed

196 2196 411 2303 capiamus
444 2221 527 2296 eos,
561 2210 603 2276 et
634 2195 668 2278 si
701 2199 891 2280 conuersi
921 2197 1075 2279 fuerint
1107 2197 1265 2279 uiuant.
1291 2195 1486 2304 Kopulch
1503 2220 1602 2278 uero

196 2332 238 2399 et
268 2317 460 2400 meliores
493 2317 645 2400 mortui
677 2333 785 2420 sunt,
819 2332 861 2400 et
892 2319 959 2400 alii
992 2319 1261 2427 quamplures
1294 2319 1404 2426 eapti
1435 2330 1544 2420 sunt,
1564 2328 1605 2399 et

195 2466 319 2521 nemo
353 2467 407 2522 ex
440 2440 498 2522 eis
532 2441 664 2522 euasit
694 2456 832 2550 preter
863 2470 995 2524 unum
1038 2441 1288 2524 seruientem
1329 2441 1497 2522 nomine
1529 2439 1603 2521 Es·

196 2562 361 2644 oernbu.
410 2561 500 2642 Rex
533 2576 673 2643 autem
707 2592 804 2646 eum
836 2565 920 2646 suis
953 2564 1147 2647 omnibus
1180 2589 1254 2672 pro
1286 2576 1401 2646 tanta
1431 2561 1605 2645 uictoria

196 2685 345 2790 gratias
378 2684 461 2790 egit
493 2684 766 2792 omnipotenti
798 2685 889 2789 deo,
938 2687 1009 2794 qui
1042 2686 1192 2794 eripuit
1224 2712 1294 2769 eos
1327 2686 1378 2766 de
1410 2683 1603 2767 manibus

195 2806 375 2888 hostium
409 2833 591 2910 suorum,
639 2809 953 2916 nominauitque
989 2809 1166 2892 fluuium
1207 2808 1389 2915 Paganti,
1437 2817 1606 2916 propter

197 2954 379 3036 paganos
413 2956 546 3036 usque
579 2929 621 3010 in
654 2943 889 3039 presentem
934 2932 1056 3013 diem.
1107 2930 1198 3014 Hoc
1238 2931 1454 3014 audientes
1497 2927 1604 3010 Cuni

196 3051 249 3131 de
281 3051 489 3133 seruiente
521 3048 591 3133 illo
624 3054 695 3161 qui
739 3068 928 3135 euaserat
969 3053 1092 3135 ualde
1130 3053 1357 3136 contristati
1389 3065 1497 3154 sunt,
1532 3050 1604 3157 qui

198 3172 321 3254 etiarn
355 3173 617 3255 coniurantes
650 3175 928 3284 promiserunt
974 3203 1018 3258 se
1065 3174 1357 3283 in(98)iun'a1n
1407 3171 1601 3280 Kopulch

196 3294 490 3377 uindicaturus.
538 3294 824 3404 Miseruntque
856 3297 906 3378 ad
940 3325 1080 3404 regem
1111 3298 1298 3399 nuncios
1342 3309 1383 3380 et
1415 3294 1601 3403 captiuos

197 3415 401 3498 dimittere
434 3432 709 3525 preceperunt
740 3421 880 3503 uerbis
912 3420 1101 3528 superbis
1134 3433 1176 3503 et
1202 3418 1521 3520 contumeliosis
1539 3442 1602 3497 re·

197 3565 290 3644 gem
324 3538 566 3642 deriserunt,
600 3555 640 3622 et
670 3554 904 3625 statuerunt
936 3543 1046 3624 diem
1079 3544 1120 3625 in
1138 3541 1392 3648 Hungariam
1410 3537 1601 3622 intrandi.

198 3659 389 3768 Cumque
422 3689 496 3742 rex
530 3663 713 3746 audisset
744 3665 923 3770 subrisit,
965 3676 1007 3746 et
1046 3664 1156 3747 diem
1198 3691 1322 3772 quam
1356 3665 1399 3745 in
1430 3662 1602 3766 Hunga·

197 3783 295 3864 riam
330 3782 474 3865 uenire
507 3800 818 3894 proposuerant.
852 3786 941 3868 Rex
976 3786 1088 3894 prius
1121 3787 1288 3869 obuiam
1311 3786 1369 3869 eis
1387 3783 1600 3892 equitauit,

199 3904 348 3987 timens
397 3905 769 4014 depopulacionern
820 3907 1041 4016 Hungarie.
1099 3908 1152 3990 Et
1198 3908 1380 4016 quodam
1427 3907 1601 3990 sabbato

198 4053 391 4135 sumpmo
432 4055 555 4110 mano
603 4055 731 4138 prope
773 4029 1015 4114 Danubium
1059 4032 1261 4138 impetum
1304 4058 1430 4138 super
1462 4027 1601 4111 Cunus

198 4149 304 4231 feeit.
355 4148 401 4230 Iu
445 4151 578 4259 primo
619 4165 758 4232 autem
792 4153 953 4261 impetu
985 4183 1060 4235 rex
1093 4154 1244 4234 ducem
1276 4154 1494 4234 Kunorum
1526 4177 1601 4232 no·

199 4271 308 4352 mine
340 4271 459 4354 Akus
491 4273 705 4380 percussit,
750 4289 791 4354 et
830 4274 983 4358 Cusem
1016 4303 1141 4383 quem
1174 4302 1250 4356 rex
1282 4274 1360 4358 sibi
1391 4273 1601 4356 infidelem

200 4393 383 4500 putabat,
418 4394 459 4474 in
493 4395 638 4475 eadem
672 4395 737 4476 die
770 4396 945 4479 fideliter
976 4425 1025 4480 ac
1057 4398 1229 4481 uiriliter
1259 4396 1444 4480 seruiuit.
1493 4393 1601 4476 Con·

200 4515 396 4622 triuitque
429 4514 621 4599 domiuus
653 4517 798 4600 Kunos
830 4533 925 4602 ante
957 4519 1107 4603 faciem
1138 4519 1431 4626 hungarorum,
1459 4529 1500 4598 et
1525 4543 1599 4598 rex

202 4663 294 4722 eum
327 4637 501 4722 uictoria
530 4665 721 4726 reuersus
749 4653 822 4722 est.
