3896 5758
795 557 950 660 *raa*

175 773 429 856 concederet.
464 771 588 858 Cesar
620 785 759 856 autern
793 774 1147 881 quemadmodum
1191 771 1451 856 iureiurando
1485 796 1579 882 pro-

176 897 340 978 miserat
371 895 546 978 fideliter
578 897 800 1004 conpleuit.
847 895 1069 1003 Regalibus
1103 898 1241 1004 itaque
1275 895 1429 1004 nuptiis
1460 895 1579 980 iuxta

172 1019 344 1101 fluuium
378 1017 522 1100 lllorua
555 1020 782 1121 celebratis,
818 1031 859 1100 et
889 1019 1098 1100 federibus
1132 1020 1244 1126 pacis
1270 1018 1578 1100 tinniterrobo·

172 1141 266 1222 ratis
301 1139 426 1222 Cesar
459 1154 499 1221 et
529 1169 605 1222 rex
638 1171 735 1222 cnm
767 1143 915 1247 gaudio
950 1157 1046 1225 sunt
1077 1141 1244 1228 reuersi.
1298 1142 1351 1222 At
1382 1167 1457 1220 rex
1490 1141 1577 1224 Au·

172 1263 289 1344 dreas
324 1274 417 1370 post
449 1263 527 1344 hoc
560 1264 640 1345 cito
673 1263 816 1344 incidit
839 1265 876 1343 in
904 1264 1123 1370 paralisim,
1144 1281 1184 1343 et
1201 1277 1283 1344 tam
1305 1262 1432 1344 niuali
1449 1289 1575 1370 quarn

172 1385 333 1467 estiuali
365 1399 550 1493 tempore
582 1413 707 1492 snper
738 1387 895 1467 trabam
929 1387 1149 1468 terebatur.
1182 1386 1279 1468 Post
1310 1397 1485 1466 mortem
1502 1385 1577 1466 ita-

171 1535 252 1614 qne
296 1507 426 1588 sancti
475 1509 581 1613 regis
629 1507 825 1615 Stephani
868 1509 1062 1590 transacti
1106 1521 1202 1588 sunt
1238 1507 1333 1590 anni
1367 1507 1573 1610 undecim,

170 1656 337 1712 menses
371 1641 558 1736 quatuor,
592 1631 794 1736 usquead
814 1659 968 1711 rnnmm
1003 1632 1183 1738 prinmm
1218 1629 1377 1736 imperii
1410 1628 1575 1710 Andree

168 1751 287 1856 regis.
338 1751 498 1832 Interea
540 1779 640 1833 uero
673 1752 816 1833 Petrus
849 1754 1082 1834 teutonicus
1122 1753 1188 1834 nel
1223 1752 1359 1832 uerius
1393 1750 1577 1834 Venetus

167 1874 302 1980 primo
336 1886 377 1954 et
407 1875 590 1955 secundo
623 1876 811 1979 regnauit
843 1876 960 1956 aruris
994 1877 1178 1982 quinque
1213 1887 1253 1954 et
1285 1873 1466 1954 dimidie.
1485 1871 1577 1955 Aba

169 2023 267 2076 vero
300 1997 488 2100 regnauit
521 1989 639 2077 annis
672 1997 855 2105 tribnsfil)
907 1996 1009 2092 Quia
1043 2024 1140 2078 roro
1185 1995 1357 2077 carnalis
1390 1999 1505 2076 arnor
1537 2009 1578 2076 et

170 2117 563 2223 consanguineitatis
611 2118 772 2199 allectio
813 2121 917 2200 solet
960 2109 1156 2227 impedire
1201 2119 1428 2219 ueritatem,
1476 2116 1578 2198 uicit

170 2267 287 2321 arnor
318 2240 451 2324 filialis
484 2241 524 2320 in
559 2241 726 2321 Andrea
757 2269 852 2346 rege
885 2243 1100 2344 iusticiam,
1135 2255 1176 2322 ct
1209 2254 1327 2346 rupto
1344 2239 1483 2320 federe
1502 2265 1575 2321 suc

171 2363 465 2469 promissionis,
501 2363 610 2468 quod
644 2364 685 2443 in
713 2363 878 2466 regibus
897 2392 985 2445 csse
1005 2393 1084 2444 non
1105 2364 1285 2465 debent,
1304 2362 1435 2442 lilium
1452 2387 1575 2448 suum

171 2483 435 2566 Salomonem
470 2484 717 2566 intantulum
752 2484 887 2566 adlmc
920 2487 1104 2593 ‹prinque
1137 2511 1338 2566 ornanum
1373 2497 1576 2591 superto-

170 2625 252 2688 tam
288 2605 541 2712 Hungariam
576 2631 684 2687 anim
718 2607 876 2714 imperii
911 2609 972 2688 sui
1008 2609 1254 2690 duodecimo
1282 2612 1576 2688 conlectusse·

170 2730 235 2809 nio
269 2729 309 2809 in
344 2755 480 2833 regem
515 2730 613 2810 fecit
644 2729 786 2834 inungi
805 2743 846 2809 et
864 2731 1060 2812 coronari.
1079 2729 1309 2810 Sinmlabat
1335 2729 1444 2810 euim
1465 2728 1576 2836 quod

170 2879 241 2958 pro
274 2851 510 2958 perdicione
524 2846 552 2958 ¹)
593 2851 706 2956 regni
748 2852 825 2932 lroc
857 2853 1021 2954 faceret,
1068 2854 1164 2959 quia
1197 2853 1418 2958 imperator
1449 2849 1573 2930 filiam

171 3001 285 3054 suam
319 2973 403 3053 tilio
435 3001 510 3055 suo
544 2974 752 3054 Salomoni
785 3003 868 3054 non
902 2974 1082 3056 dedisset
1108 2976 1140 3056 si
1174 3001 1257 3053 non
1290 2998 1575 3054 euincorona-

173 3109 243 3175 ret.
278 3095 381 3177 Cum
416 3109 555 3176 antem
591 3096 629 3176 in
665 3097 936 3178 coronacione
970 3096 1201 3178 Salormmis
1228 3109 1442 3176 canerent:
1476 3092 1574 3176 Esto

170 3216 360 3298 dominns
402 3220 573 3298 tiatrum
611 3231 798 3316 tinnmn3
848 3232 888 3298 et
931 3220 1007 3300 hoc
1052 3247 1125 3326 per
1166 3220 1432 3324 interpretem
1474 3215 1573 3296 Belc

170 3339 261 3420 ‹luci
311 3341 567 3443 innotuisset,
608 3341 717 3446 quod
761 3339 953 3420 Salomon
1005 3341 1229 3421 intantnlus
1270 3339 1348 3420 sibi
1381 3338 1573 3420 dominus

171 3463 495 3563 constitueretur,
545 3462 723 3568 grauiter
764 3475 827 3544 cst
870 3463 1115 3568 indignatus.
1167 3461 1318 3542 llicunt
1360 3459 1426 3540 alii
1461 3461 1572 3566 quod

171 3585 261 3690 (os)
295 3584 393 3665 Bela
436 3585 541 3666 duce
576 3595 616 3665 et
656 3585 747 3666 tiliis
790 3585 877 3667 cius
921 3585 1089 3693 Geyclra
1123 3585 1279 3666 scilicet
1311 3596 1352 3663 et
1384 3582 1572 3665 Ladizlao

170 3707 409 3813 cunctisque
443 3707 556 3810 regni
575 3706 842 3813 optimatibus
861 3707 1221 3790 consemientibus
1240 3705 1434 3787 Salomon
1468 3731 1571 3786 unc·

170 3840 232 3909 tus
268 3843 377 3910 esset
409 3831 448 3909 in
484 3824 677 3935 regern,²)
720 3829 985 3935 postmodum
1019 3829 1336 3910 seminatoribus
1370 3827 1571 3910 discordie

171 3949 455 4056 instigantibus
489 3953 630 4033 odimu
663 3965 797 4032 ortum
832 3964 893 4031 est
910 3951 1015 4031 inter
1034 3979 1115 4034 eos.
1143 3951 1428 4034 Sasonatores
1447 3949 1570 4053 enirn,

170 4073 310 4176 quales
343 4075 490 4155 nostris
523 4073 779 4180 temporilms
813 4075 1084 4179 complacent,
1134 4074 1331 4180 precipue
1375 4097 1569 4178 suggere·

171 4193 266 4275 bant
298 4195 393 4300 regi,
427 4222 509 4276 non
543 4223 662 4302 posse
696 4221 864 4301 regnare
898 4195 1175 4296 Salomonem,
1217 4195 1293 4278 nisi
1338 4197 1460 4275 tratre
1493 4219 1569 4276 suo

171 4315 265 4396 Bela
298 4319 493 4398 extincto.
528 4320 593 4398 Ab
626 4317 706 4397 alia
738 4343 834 4398 vcro
866 4330 981 4425 parte
1015 4318 1109 4399 duci
1128 4319 1225 4398 llelc
1251 4315 1567 4425 persuadebant,

171 4439 276 4543 quial
311 4454 476 4546 tempus
510 4453 759 4546 opinandum
795 4453 902 4521 esset
934 4467 1107 4544 regnum
1140 4440 1364 4546 acquirere,
1378 4438 1476 4520 dum
1496 4436 1567 4519 Sa·

169 4557 303 4641 lomon
354 4561 552 4668 puerulus
601 4577 720 4664 esset,
770 4576 810 4642 ct
850 4577 967 4670 pater
1007 4563 1094 4644 eius
1127 4563 1241 4644 senio
1274 4563 1486 4644 conlectus
1519 4589 1569 4641 ac

170 4681 501 4766 ualetudinarius.
551 4685 763 4767 Venerunt
807 4686 944 4792 itaque
985 4713 1057 4764 rex
1103 4699 1143 4765 et
1186 4685 1271 4765 dux
1306 4685 1348 4764 in
1382 4681 1563 4765 Varkun.

272 4959 296 5054 ¹)
325 4983 418 5054 pace.
449 4961 487 5032 'lt
518 4957 544 5060 ²)
573 4963 632 5033 scd
674 4963 749 5034 add.
781 4963 819 5035 Τ.

267 5063 299 5164 *l
329 5087 452 5138 norun
481 5067 602 5161 caput:
631 5065 681 5138 De
710 5067 930 5143 coronacione
959 5065 1149 5144 Salomonis
1179 5065 1282 5163 rogis,
1311 5063 1354 5140 t.
