3900 5762
989 531 1145 635 243—

364 772 389 830 a
421 746 666 856 crepusculo
697 773 833 858 usque
843 741 874 856 ¹)
906 747 1380 832 nocte1n.hlaneautem
1410 748 1519 829 lacto
1536 774 1631 831 eum
1652 743 1776 829 inuu-

364 871 551 953 merabili
584 870 850 954 multitudine
882 871 1140 978 captiuorum
1160 872 1202 953 in
1219 871 1474 977 Hungariam
1492 870 1647 952 reuersi
1675 883 1778 952 suut

366 993 606 1100 gaudentes.
636 993 733 1076 Post
763 993 842 1074 hec
875 994 985 1076 misit
1018 994 1236 1076 bellatores
1269 995 1394 1076 fortes
1426 993 1468 1075 in
1500 990 1775 1091 Kariathiam,

365 1114 437 1222 qui
468 1115 667 1222 plurimos
700 1116 887 1223 captiuos
919 1129 1177 1223 receperunt,
1211 1131 1253 1198 et
1283 1116 1324 1197 in
1358 1114 1613 1221 Huugariam
1640 1113 1777 1196 redie-

364 1250 471 1318 runt.
513 1236 751 1320 Gothsrr'dus
793 1250 931 1319 autem
977 1238 1142 1321 Austric
1184 1237 1367 1320 marchio
1411 1238 1519 1318 cirea
1559 1237 1777 1318 Petouiam

363 1359 566 1442 insultum
597 1359 753 1442 faciens
786 1385 912 1466 super
943 1386 1013 1442 eos
1047 1387 1189 1444 eorum
1222 1360 1355 1468 spolia
1385 1360 1515 1441 fertur
1541 1357 1779 1441 abstulisse.

367 1480 485 1563 Tunc
517 1482 628 1563 enim
660 1482 829 1564 Austria
860 1509 944 1562 non
963 1482 1102 1586 eluces,
1120 1483 1193 1566 scd
1211 1483 1392 1564 habebat
1424 1481 1696 1564 iuarehioues
1719 1479 1779 1562 Eo

369 1617 509 1686 autern
542 1617 729 1711 tempore
763 1603 888 1685 Cesar
919 1629 1043 1711 pasca
1077 1605 1233 1686 ‹lomini
1265 1604 1436 1686 Colonie
1469 1603 1709 1706 celebrauit,
1738 1616 1782 1683 et

369 1753 465 1807 cum
509 1726 767 1834 principibus
808 1726 893 1808 suis
934 1728 1172 1810 consiliatus
1215 1741 1287 1828 est,
1334 1726 1510 1832 qualiter
1541 1751 1667 1831 regno
1701 1752 1782 1806 suo

368 1848 518 1930 iniuste
551 1847 707 1930 illatam
739 1848 792 1929 ab
824 1847 1019 1954 hungaris
1052 1851 1241 1933 iniuriam
1268 1849 1437 1930 deberet
1454 1848 1678 1929 uindicare.
1697 1846 1781 1944 Qui

369 1969 626 2052 concorditer
656 1969 955 2052 consuluerunt
997 1973 1045 2074 ei,
1087 1985 1134 2053 ut
1173 1972 1392 2079 hungaros,
1426 1971 1617 2078 quisine
1650 1995 1783 2052 causa

367 2119 542 2199 regnum
574 2119 697 2175 suum
730 2091 930 2175 hostiliter
960 2093 1192 2202 irruperant
1224 2095 1347 2177 armis
1375 2093 1600 2196 inuaderet,
1618 2107 1660 2174 et
1677 2119 1782 2200 cap·

367 2216 475 2297 tiuos
507 2240 604 2298 suos
636 2216 688 2298 ab
723 2241 865 2297 eorum
899 2217 1099 2298 seruitute
1131 2217 1335 2298 liberaret.
1369 2213 1500 2298 hlouit
1531 2215 1672 2322 itaque
1702 2242 1781 2295 ex·

366 2337 630 2446 pedicionem
672 2336 895 2442 ingentem,
938 2351 978 2418 et
1012 2338 1182 2420 consilio
1215 2331 1456 2445 llar·atzlai²)
1490 2337 1606 2420 ducis
1638 2337 1781 2418 Bohc·

366 2485 530 2542 morum
563 2485 618 2542 ex
650 2458 879 2566 aquilonari
923 2473 1038 2567 parte
1083 2461 1264 2543 Danubii
1309 2461 1425 2542 uenit
1462 2461 1512 2542 ael
1547 2458 1780 2542 confinium

367 2580 588 2688 Hungarie.
624 2580 765 2686 Legati
781 2608 879 2664 vero
897 2582 1176 2689 hungarorum
1194 2583 1473 2691 promiserunt
1490 2581 1640 2684 Cesari,
1661 2581 1778 2689 quoel

364 2703 539 2809 hungari
571 2702 614 2784 in
647 2703 839 2786 omnibus
871 2718 1027 2787 starent
1058 2707 1110 2788 ad
1142 2705 1384 2787 mandatum
1419 2705 1519 2807 eiuS,
1564 2704 1642 2787 nisi
1677 2703 1782 2812 quia

363 2825 531 2908 Petrum
549 2824 590 2907 iu
606 2851 746 2932 regem
781 2852 863 2908 uon
889 2828 1157 2936 susciperent,
1177 2828 1288 2934 quod
1306 2842 1446 2910 tamen
1465 2825 1590 2909 Cesar
1606 2853 1780 2910 summo

366 2973 491 3056 opere
523 2947 721 3055 perficere
752 2949 984 3030 affectabat.
1017 2949 1233 3056 Obligatus
1263 2950 1373 3031 enim
1392 2964 1480 3031 erat
1496 2950 1616 3030 Petro
1626 2945 1659 3056 ³)
1678 2975 1780 3056 pro·

365 3070 573 3173 missione,
607 3069 718 3178 quod
751 3070 788 3151 ei
820 3097 995 3176 regnum
1027 3073 1272 3154 restitueret.
1304 3071 1489 3177 Hungari
1529 3097 1631 3153 uero
1680 3073 1781 3153 nul·

365 3193 627 3303 l(50)atenus
659 3207 969 3297 consenserunt,
1011 3207 1052 3276 et
1084 3194 1218 3276 missis
1250 3194 1504 3297 muneribus,
1539 3193 1636 3276 elatea
1668 3220 1780 3302 quo·

367 3343 449 3424 quc
480 3315 573 3419 fide,
607 3315 718 3422 quod
752 3315 938 3423 captiuos
981 3317 1285 3399 teutonicorum
1328 3316 1440 3398 abire
1474 3316 1780 3423 permitterent,

368 3437 493 3520 Cesar
523 3437 643 3519 rediit
673 3437 916 3520 festinanter
947 3451 1090 3520 contra
1122 3439 1298 3521 insultus
1331 3438 1532 3522 Gothfrieli
1558 3437 1676 3521 <lucis
1695 3439 1780 3520 Lo·

366 3560 632 3667 toringorum,
664 3558 738 3641 filii
768 3559 885 3643 ducis
917 3559 1157 3646 Gozzilonis.

367 3819 490 3903 XLV.
520 3814 767 3898 Aduontus
794 3813 980 3899 cesam
1006 3819 1054 3899 ln
1080 3819 1371 3924 Hungutam
1385 3823 1549 3901 conus
1566 3814 1779 3918 Abamf)

526 4045 864 4156 sequentianno
897 4051 992 4133 Aba
1022 4078 1096 4132 rer
1129 4050 1263 4134 missis
1304 4051 1448 4156 legatis
1480 4050 1530 4132 ad
1565 4048 1781 4150 Cesarem,

368 4197 450 4280 que
481 4170 595 4278 pacis
627 4183 725 4254 sunt
756 4173 967 4279 querebat,
1000 4173 1243 4281 promittens
1276 4173 1534 4281 captiuorum
1568 4171 1780 4254 dimissio·

367 4319 477 4396 nem,
510 4319 616 4400 quos
647 4293 839 4377 habebat.
881 4294 1031 4376 Eorum
1067 4309 1206 4378 autem
1240 4322 1344 4404 quos
1375 4295 1548 4377 reddere
1579 4319 1663 4375 nou
1697 4320 1779 4401 po·

368 4427 483 4516 terat,
517 4415 762 4522 condignam
796 4418 1198 4526 compensaeiouem.
1232 4419 1358 4501 Cesar
1388 4444 1489 4500 uero
1521 4416 1779 4498 noluitcon·

367 4562 535 4645 ponere,
568 4537 701 4619 donec
733 4537 773 4619 in
807 4539 1025 4621 Bauariarn
1059 4541 1230 4645 ueniret,
1274 4553 1322 4622 ut
1353 4539 1423 4648 qui
1456 4567 1531 4648 per
1563 4540 1777 4644 hungaros
1830 4576 1833 4584 ·

369 4657 521 4742 iniuste
553 4659 628 4742 lesi
659 4661 834 4765 fueraut,
884 4663 1164 4770 conposieioni
1203 4664 1317 4772 pacis
1357 4662 1603 4746 interessent
1647 4660 1780 4744 Venit

367 4847 574 4858 -ιι--ι-ι

477 4935 502 5030 Ι)
530 4939 584 5012 ad.
614 4935 786 5014 adunet
814 4938 852 5012 Τ.
884 4941 912 5030 ΙΙ)
940 4939 1115 5014 thialai.
1143 4939 1183 5014 Τ.
1214 4936 1241 5037 ³)
1271 4942 1493 5016 sacramento.
1515 4937 1639 5014 adul
1673 4935 1702 5041 ⁴)
1721 4941 1775 5016 De

368 5042 517 5118 aduentu
545 5042 679 5119 Cesaris
708 5042 744 5117 in
770 5041 972 5141 hungariam
1000 5041 1211 5121 secundario.
1241 5043 1282 5122 t.
