3900 5762
870 455 910 529 97

183 687 349 798 pheuda
397 682 637 792 aquirendo,
685 677 941 761 nobilitatem
999 708 1198 789 processu
1248 683 1445 792 temporis
1493 697 1592 768 sunt

182 811 334 918 adepti.
369 807 555 902 Quorum
586 803 755 884 uomina
803 804 1155 909 comprehendere
1190 806 1380 888 estimaui
1420 807 1462 888 in
1495 835 1588 914 pre-

184 934 293 1015 senti
324 931 428 1012 libro
459 930 674 1008 honerosa.

622 1198 651 1266 11.
686 1197 746 1266 ot
779 1195 1159 1286 vowoatttttS.¹)

342 1419 411 1500 65.
445 1415 526 1497 Sed
561 1414 755 1520 quoniam
792 1413 992 1519 quosdam
1026 1429 1169 1497 mouet
1200 1417 1299 1524 quid
1332 1417 1590 1500 sintudwor·

185 1542 279 1642 uici,
314 1556 555 1638 castrenses,
590 1536 656 1616 alii
690 1535 983 1638 conditionarii,
1009 1537 1188 1619 libertini
1206 1552 1247 1620 et
1263 1541 1481 1647 mancipia,
1500 1539 1591 1648 qui·

185 1668 263 1748 bus
290 1667 378 1746 fere
411 1660 620 1766 Hungaria
653 1673 714 1740 cst
745 1658 915 1764 repleta,
949 1675 990 1738 et
1020 1661 1133 1740 uude
1167 1687 1257 1743 esse
1289 1661 1592 1770 habeant,pre-

187 1786 290 1868 senti
326 1783 527 1893 opusculo
560 1807 769 1888 apponere
802 1779 972 1884 dignum
1016 1782 1130 1864 duxi.
1178 1783 1353 1864 Factum
1386 1797 1448 1866 est
1480 1784 1593 1891 quod

188 1937 281 1991 curn
317 1907 504 2012 Hungari
520 1929 711 2011 possessa
727 1902 938 1982 Pannonia
957 1904 1199 1988 christianos
1218 1921 1259 1986 et
1275 1931 1457 2014 paganos
1474 1933 1589 1988 more

188 2031 371 2138 gentium
407 2025 608 2134 quosdam
659 2024 844 2130 captiuos
888 2025 1122 2108 occiderent
1153 2028 1400 2132 resistentes,
1435 2029 1595 2136 aliquos

189 2182 241 2234 ex
275 2151 451 2260 captiuis
487 2149 690 2230 virtuosos
732 2146 781 2226 ad
825 2147 1001 2253 prelium
1045 2149 1300 2232 deducentes
1332 2178 1487 2254 secum,
1521 2151 1595 2231 ali·

190 2302 314 2383 quam
349 2272 448 2382 ipsis
481 2269 710 2378 portionem
745 2267 796 2348 de
829 2269 969 2374 spoliis
1003 2284 1227 2377 erogarent,
1262 2273 1462 2380 quosdam
1496 2299 1595 2356 vero

188 2395 362 2479 diuersis
396 2392 571 2476 seruitiis
604 2389 879 2496 mancipando
912 2388 954 2472 in
986 2393 1278 2500 proprietatem
1313 2395 1421 2478 circa
1437 2423 1513 2478 sua
1534 2409 1595 2477 ta·

187 2517 413 2602 bernacula
445 2515 624 2598 solerent
656 2539 912 2616 conseruare,
947 2513 1071 2596 iidem
1104 2517 1258 2624 captiui
1285 2545 1338 2598 ex
1354 2518 1493 2602 huctu
1509 2517 1596 2599 ani-

190 2641 362 2722 malium
397 2653 437 2720 et
468 2636 597 2744 preda
643 2635 731 2716 sola
781 2633 991 2716 habebant
1022 2638 1149 2719 vitam
1182 2666 1301 2720 suam
1333 2655 1381 2722 ut
1412 2638 1596 2722 Comani.

188 2763 288 2844 Mox
321 2787 418 2842 vero
450 2775 497 2841 ut
544 2757 669 2837 fidem
716 2771 963 2863 receperunt
1010 2772 1051 2839 et
1096 2760 1363 2868 baptismum,
1412 2763 1599 2844 Romana

190 2885 365 2966 eeclesia
411 2881 569 2962 Cluisto
613 2879 775 2983 cognito
818 2878 913 2959 duci
958 2879 1111 2962 Geiche
1145 2896 1187 2963 et
1217 2897 1360 2966 sancto
1391 2885 1476 2991 regi
1508 2883 1597 2966 Ste-

190 3009 328 3114 phano
363 3003 525 3085 dedisse
559 3001 708 3082 dicitur
738 3001 908 3082 firmiter
939 3001 981 3082 iu
1014 3004 1231 3107 mandatis,
1274 3021 1321 3088 ut
1351 3007 1483 3113 spolia
1515 3032 1599 3088 non

191 3128 507 3227 committerent,
558 3123 744 3230 captiuos
795 3122 1035 3206 christianos
1085 3127 1280 3236 deinceps
1319 3129 1600 3236 relinquerent

192 3251 361 3359 pristine
394 3245 583 3348 libertati,
618 3273 713 3326 curu
748 3245 866 3324 multi
913 3247 1073 3330 nobiles
1115 3249 1221 3330 iuter
1253 3249 1438 3359 captiuos
1471 3251 1599 3332 habe·

191 3387 325 3454 antur.
375 3369 480 3466 Quia
512 3393 609 3448 vero
658 3393 832 3474 reguum
866 3379 952 3448 erat
984 3370 1299 3477 amplissimum,
1334 3384 1375 3454 et
1406 3372 1599 3478 gentibus

191 3509 426 3595 vacuatum,
475 3518 553 3571 neo
587 3490 708 3570 etiam
749 3489 1024 3572 communitas
1057 3493 1215 3574 totuin
1249 3494 1326 3576 hoc
1359 3495 1598 3603 Apostolioo

192 3644 407 3700 assensum
443 3613 663 3715 tribuebat,
707 3613 991 3718 dispensatum
1026 3629 1088 3695 est
1119 3617 1387 3723 postmodum
1419 3643 1493 3724 per
1524 3642 1597 3724 pa·

191 3768 286 3847 pam
321 3739 363 3819 iu
395 3737 507 3817 hunc
540 3735 738 3815 modum:
772 3733 883 3842 quod
917 3735 1070 3842 captiui
1103 3750 1229 3820 terras
1263 3739 1456 3843 colerent,
1488 3751 1599 3820 etex

191 3877 296 3942 terre
327 3859 531 3942 fructibus
564 3857 752 3937 uiuerent
785 3871 907 3963 prout
939 3857 1005 3937 alii
1041 3858 1260 3941 christiani.
1294 3861 1476 3970 Ideoque
1501 3887 1599 3968 oap-

192 3984 264 4066 tiui
312 3997 440 4062 terras
488 4007 568 4060 11011
619 3979 819 4060 habentes
852 3980 1017 4085 propria
1048 3981 1261 4063 voluntate
1294 4011 1468 4066 censum
1500 3983 1599 4064 dare

192 4117 475 4212 susceperunt,
510 4101 676 4208 qualem
708 4101 863 4182 domiui
895 4102 1138 4184 tribuerunt.

349 4225 417 4306 66.
451 4224 650 4304 Processu
681 4238 822 4304 autem
853 4224 1049 4330 temporis
1082 4225 1163 4306 fide
1195 4228 1397 4330 roborata,
1414 4228 1594 4335 potiores

195 4348 305 4454 regni
351 4347 493 4428 viuere
536 4345 721 4426 tolentes
769 4347 908 4446 otioso,
958 4345 1244 4456 habentesque
1288 4350 1474 4457 captiuos
1507 4350 1597 4434 sine

194 4496 378 4570 numeru,
410 4495 493 4550 11011
526 4468 770 4549 dimiserunt
802 4495 872 4548 eos
905 4468 1017 4548 abire
1051 4470 1212 4574 liberos
1236 4484 1282 4554 ut
1298 4473 1465 4554 volebat
1484 4475 1595 4580 Apo·

195 4593 378 4695 stolious,
412 4589 484 4672 sod
518 4589 628 4673 rurie
662 4617 736 4671 sue
783 4591 1032 4672 laruulautes
1066 4593 1305 4676 ordinarunt
1343 4622 1396 4674 ex
1429 4595 1600 4697 eisdem,

199 4784 405 4793 Ἥ..

301 4870 326 4962 ¹)
355 4871 464 4962 Caput
492 4871 540 4942 11.
570 4869 610 4941 de
639 4866 835 4940 uduornicis
863 4869 1107 4959 castrensibus,
1134 4869 1393 4945 ottrrditionariis
1409 4869 1596 4960 libertinis,

197 4981 230 5050 01
257 4974 448 5068 ntanoipiis.
