4024 5776
696 835 1123 996 PRAEFATIO.

365 1201 489 1295 llagno
523 1199 637 1273 solent
668 1218 743 1270 esse
779 1196 1022 1290 impedimento
1055 1193 1263 1281 hominibus
1306 1191 1341 1266 in
1382 1190 1613 1285 perquirenda

209 1322 443 1398 narrationum
469 1319 712 1394 historicarum
740 1318 883 1392 ueritate
911 1317 1096 1411 occupatis,
1126 1315 1231 1411 prisci
1264 1315 1338 1388 aeui
1376 1317 1612 1390 monumento-

209 1469 285 1520 rum
312 1445 425 1518 minus
452 1447 639 1534 accuratae,
669 1442 722 1515 uel
750 1440 864 1514 studio
893 1439 1120 1533 interpolatae
1148 1438 1328 1513 editiones.

366 1567 512 1640 Doctum
539 1563 648 1638 uirum
677 1563 875 1636 Ladislanm
902 1561 1096 1654 Endlicher,
1127 1563 1301 1636 custodem
1329 1561 1499 1656 quondam
1535 1557 1611 1632 bib·

208 1690 375 1763 liothecae
403 1707 580 1760 caesareae
609 1683 895 1774 vindobonensis,
930 1685 971 1756 de
998 1684 1102 1758 Belae
1131 1683 1223 1778 regis
1251 1683 1385 1757 notario
1414 1686 1448 1756 et
1475 1680 1612 1775 legibus

208 1813 244 1886 S.
276 1809 441 1904 Stephani
469 1808 597 1902 optime
625 1806 797 1896 meritum,
841 1805 1006 1880 editorem
1033 1805 1141 1880 fuisse
1182 1805 1296 1900 operis
1339 1803 1517 1879 collectitii
1558 1802 1612 1877 cni

209 1931 357 2006 titulus:
387 1932 515 2004 Rerum
541 1928 803 2023 hungaricarum
832 1931 1050 2002 monumenta
1077 1927 1285 2021 Arpadiaua.
1314 1925 1481 2020 Sangalli.
1513 1927 1610 1998 1849

211 2077 281 2128 non
302 2054 514 2127 crederemus
530 2075 538 2142 ;
570 2050 635 2125 nisi
664 2051 766 2124 Fred.
796 2051 836 2122 de
865 2050 1014 2124 Tsehudi
1041 2050 1076 2124 in
1105 2051 1318 2144 praefatione
1346 2048 1427 2124 libri
1455 2050 1490 2123 id
1519 2052 1613 2123 certo

208 2176 415 2250 adfirmaret.
451 2176 687 2261 „Postremum
716 2178 1011 2248 monumentorum
1040 2171 1315 2266 Arpadianorum
1344 2195 1456 2247 rerum
1483 2174 1614 2266 hunga-

209 2298 358 2372 ricarum
392 2317 531 2390 scapum
564 2295 750 2370 lectoribus
785 2295 988 2368 exhibentes
1023 2318 1086 2368 nos
1119 2295 1215 2368 decet
1252 2294 1454 2370 editoris
1489 2316 1614 2368 memo-

208 2419 296 2494 riam
323 2418 435 2493 animo
463 2420 635 2492 celebrare
662 2416 870 2511 gratissimo.
907 2414 975 2488 Vix
1004 2415 1035 2490 ei
1062 2417 1195 2492 licitum
1236 2423 1310 2492 erat
1351 2416 1614 2492 nouissima

209 2541 312 2616 huius
339 2541 524 2634 optimae
553 2538 785 2612 editionis
813 2541 950 2612 uerba
981 2539 1131 2612 scribere
1163 2584 1206 2594 -
1238 2563 1341 2634 quum
1368 2563 1410 2614 ex
1429 2541 1615 2615 amicorum

209 2663 458 2739 consuetudine
487 2686 528 2736 ex
557 2661 783 2736 uniuersitate
810 2661 974 2751 literaria,
1014 2685 1056 2735 ex
1096 2662 1218 2754 patria,
1260 2663 1312 2736 cui
1341 2686 1359 2736 e
1388 2667 1527 2756 sumptu
1554 2683 1615 2736 suo

209 2808 351 2880 operam
378 2787 594 2879 praebuerat,
625 2785 695 2858 fato
724 2787 863 2876 ereptus
892 2788 978 2856 est.“

369 2907 521 2980 Primum
549 2907 640 2980 enim
667 2905 770 2979 buirus
798 2905 1010 2980 collectionis
1038 2911 1304 2996 monumentum,
1333 2907 1459 2980 librum
1497 2928 1616 2998 nempe

209 3030 369 3125 anonymi
398 3029 522 3104 notarii
552 3049 627 3102 cum
655 3027 768 3102 codice
797 3026 983 3120 superstite
1009 3027 1266 3104 Virrdebouensi
1286 3029 1488 3120 conferenti,
1510 3031 1617 3104 multa

210 3151 425 3246 transposita
451 3155 485 3224 et
513 3151 642 3240 addita,
673 3154 772 3243 plura
802 3149 939 3238 omissa,
982 3149 1130 3243 plurima
1171 3151 1350 3226 immutata
1390 3154 1615 3246 apparebunt.

210 3274 338 3348 hlerrda
365 3279 399 3346 et
427 3272 712 3366 interpolationes
741 3274 880 3347 ultimae
908 3271 1008 3345 huius
1037 3271 1199 3347 editionis
1236 3274 1436 3370 collegimus
1474 3277 1507 3348 et
1539 3297 1617 3367 per·

211 3395 416 3488 scripsimus
445 3394 479 3467 in
509 3394 805 3469 observationibus
836 3393 973 3468 uostris⁴

369 3517 509 3592 Confert
537 3517 673 3610 quidem
701 3539 767 3592 non
797 3540 916 3609 parum
943 3517 985 3589 ad
1014 3517 1113 3591 fidem
1147 3517 1265 3611 ignoto
1294 3516 1459 3592 historico
1488 3517 1617 3591 lacien-

216 3639 297 3712 dam
317 3637 554 3713 conrenientia
573 3661 685 3711 rernm
705 3643 917 3712 narratarum
938 3662 1012 3712 cum
1028 3639 1106 3713 aliis
1128 3663 1194 3712 non
1219 3639 1332 3712 dubiis
1353 3662 1466 3713 earum
1500 3663 1617 3714 mouu-

213 3761 357 3834 nrentis:
391 3762 451 3834 sed
478 3783 660 3854 pessumus
688 3761 790 3834 etiam
820 3785 861 3834 ex
890 3763 999 3835 forma
1027 3767 1061 3834 et
1093 3761 1224 3836 ratione
1253 3761 1444 3856 scripturae
1472 3767 1619 3836 aetatem

214 3881 342 3956 codicis
369 3882 585 3976 autographi,
614 3906 656 3956 ex
684 3887 796 3957 aetate
825 3906 916 3974 uero,
946 3888 1073 3976 quanta
1101 3883 1147 3956 sit
1175 3883 1307 3958 auctori
1337 3886 1492 3959 habenda
1519 3885 1616 3976 fides,

215 4007 387 4096 utcuruque
415 4001 578 4077 diuinare.

371 4125 503 4200 Unicus
533 4127 735 4220 praesertim
755 4125 879 4200 incerti
898 4127 971 4200 aori
992 4125 1171 4220 scriptoris
1191 4129 1308 4220 codex,
1330 4128 1402 4203 dari
1422 4130 1523 4202 debet
1543 4151 1618 4202 cum

216 4246 367 4341 propria,
382 4247 463 4322 licet
479 4248 583 4340 varia,
602 4253 673 4322 tum
691 4248 864 4323 nominum
880 4249 1107 4342 propriorum,
1130 4255 1200 4324 tum
1220 4251 1364 4324 aliorum
1380 4251 1620 4325 uocabulorum

218 4368 415 4462 scriptura;
445 4371 512 4444 imo
541 4394 615 4446 curn
644 4371 730 4464 ipsis
758 4371 882 4445 erratis
912 4375 945 4445 et
974 4372 1293 4447 emendationibus:
1327 4373 1471 4446 atinde
1509 4374 1621 4447 ductis

218 4493 441 4584 argumentis,
471 4492 619 4586 diligens
649 4493 697 4567 rei
724 4493 917 4589 indagator,
949 4497 989 4570 de
1017 4500 1128 4569 aetate
1156 4495 1301 4586 librarii,
1332 4499 1365 4570 et
1394 4495 1484 4570 sitne
1514 4495 1622 4588 scrip·

219 4616 291 4686 tum
318 4616 567 4709 autographum
596 4621 747 4690 statuere
774 4617 897 4710 possit.
1078 4610 1082 4621 '

376 4737 404 4810 l.
434 4737 589 4811 Codieem
616 4739 705 4813 hurrc
734 4740 960 4814 bibliothecae
987 4762 1163 4814 caesareae
1189 4762 1327 4813 numero
1353 4742 1428 4814 514
1449 4738 1624 4833 signatum

221 4863 258 4930 ut
284 4857 456 4952 potuimus
484 4859 669 4956 diligenter
705 4861 961 4956 exscripsimus,
1001 4862 1160 4957 typisque
1198 4862 1390 4956 exprimere
1419 4861 1535 4935 conati
1566 4884 1623 4934 su·

221 5001 305 5070 mus,
348 4983 453 5075 probe
489 4983 599 5078 gnari,
632 4983 713 5058 libri
752 4983 878 5059 ueteris
912 4985 1119 5079 scripturam
1154 4985 1196 5060 ad
1233 4984 1417 5059 arbitrium
1455 4984 1626 5060 editorum

222 5101 314 5176 sarie
340 5105 585 5179 conformatam
613 5105 700 5180 nulli
728 5105 804 5180 usui
832 5107 950 5184 critico
978 5112 1093 5202 aptam
1120 5131 1211 5184 esse.

1542 5239 1559 5278 t
