3900 5762
829 511 983 636 2³⁵„

206 749 348 832 ratoris
381 745 514 832 Caroli
546 749 822 832 consiliarium
853 747 1093 831 fidissimum
1122 749 1367 853 occidentes
1396 777 1449 834 ex
1478 751 1607 862 ipsius

207 865 381 954 ecclesia
414 872 654 954 thesaurum
690 869 919 952 maximum
964 885 1201 976 rapuerunt,
1245 885 1458 981 totamque
1499 903 1608 984 pene

207 993 534 1099 Lougobarrliam
570 992 805 1102 spoliantes,
828 1019 922 1074 curn
943 992 1126 1078 maximo
1145 993 1276 1100 spolio
1294 993 1335 1075 in
1354 995 1606 1080 Pannoniam

207 1131 302 1197 curn
336 1115 507 1198 uictoria
539 1115 761 1197 redierunt.
794 1114 890 1196 Post
922 1114 999 1194 hec
1026 1113 1169 1195 decem
1190 1115 1307 1199 annis
1325 1131 1606 1225 repausantes,

207 1256 316 1318 anno
349 1237 570 1319 undecimo
604 1234 827 1318 Saxoniam
860 1235 1096 1341 Turingiam
1131 1233 1326 1320 Suetriam
1346 1238 1609 1348 Francosque

207 1358 425 1442 orientales
458 1358 498 1440 id
532 1371 595 1442 cst
627 1357 872 1464 Burguudos
905 1356 1100 1460 demoliti,
1136 1357 1175 1438 iu
1214 1359 1401 1445 confiniis
1434 1361 1608 1445 Bauarie

206 1480 314 1564 ultta
347 1493 525 1566 castrum
564 1480 681 1563 abab
717 1464 817 1561 citra
849 1477 1088 1561 Danubium
1115 1479 1412 1565 Alemauorum
1447 1486 1608 1566 exerci-

206 1617 272 1686 tus
305 1603 417 1712 ipsos
449 1603 489 1684 iu
523 1602 656 1685 reditu
690 1601 909 1684 honeratos
943 1601 1185 1684 inusserunt
1204 1630 1256 1684 ex
1276 1605 1464 1713 obrupto.
1494 1604 1607 1702 Quos

207 1724 380 1832 hungari
414 1725 456 1806 iu
489 1725 626 1830 fugam
662 1725 835 1833 turpiter
866 1737 1170 1825 conuerteruut
1205 1727 1309 1812 cesis
1347 1728 1486 1811 multis
1531 1729 1607 1810 mi·

210 1846 319 1930 liblls
352 1873 406 1928 ex
441 1847 609 1930 eisdem.
641 1846 689 1927 In
722 1872 804 1953 quo
838 1845 1006 1953 quidem
1041 1845 1234 1928 conflictu
1256 1875 1308 1928 ex
1335 1849 1498 1954 ungaris
1531 1849 1607 1932 tria

208 1957 319 2051 milla
350 1971 528 2051 virorum
571 1968 792 2076 perierunt,
830 1968 900 2074 qui
942 1995 1039 2048 vero
1083 1982 1305 2052 euaserunt
1347 1972 1398 2051 ad
1442 1972 1608 2081 propria

208 2087 440 2193 redeuntes,
474 2089 590 2172 annis
623 2089 804 2174 sedecim
838 2088 1102 2192 immobiliter
1120 2090 1160 2170 in
1178 2088 1389 2197 Hungaria
1414 2121 1607 2201 perman·

207 2227 360 2298 serunt.

262 2463 454 2557 XXXIII.
493 2470 562 2552 De
589 2475 737 2552 morto
764 2469 874 2550 Lecl
901 2476 949 2551 et
975 2469 1158 2551 Bulcbu
1194 2473 1553 2576 eapltancorm

363 2701 573 2809 Regnante
606 2727 703 2782 vero
738 2729 811 2809 per
843 2701 1101 2783 Alernaniam
1137 2701 1336 2785 (lorrardo
1370 2705 1609 2812 priuro‚·dc-

208 2823 313 2906 cimo
362 2839 510 2907 octauo
556 2850 664 2905 anno
708 2821 892 2930 Huugari
934 2825 1084 2930 egressi
1129 2825 1377 2932 quibusdam
1423 2827 1609 2936 partibus

207 2945 407 3029 Teutonie
439 2945 675 3048 deuastatis,
694 2973 789 3028 cum
808 2945 865 3060 ad'
892 2947 1039 3056 urbem
1059 2949 1290 3053 Augustam
1308 2949 1608 3056 peruenissent,

208 3065 348 3150 Urrico
381 3068 576 3177 episcopo
610 3096 706 3150 cunr
739 3068 901 3152 ciuibus
934 3083 976 3149 et
1006 3066 1158 3152 Sueuie
1201 3069 1447 3177 primatibus
1488 3071 1610 3156 resis-

208 3185 401 3292 tentibus,
427 3191 593 3272 tandem
613 3219 709 3272 cunr
735 3189 907 3296 hungari
925 3189 1102 3272 candem
1124 3190 1360 3275 obsiderent
1380 3192 1603 3296 ciuitatem,

210 3307 402 3396 obstinati
433 3312 621 3396 nolentes
654 3312 705 3394 de
737 3313 839 3395 urbe
873 3312 1076 3415 recedere,
1095 3313 1229 3397 missis
1263 3315 1424 3398 nunciis
1457 3315 1507 3396 ad
1531 3313 1609 3397 Co·

209 3435 375 3518 rardum
409 3453 683 3517 memoratum
715 3447 762 3516 ut
794 3434 980 3517 celeriter
1012 3434 1180 3518 urbanis
1209 3449 1477 3539 succurreret
1496 3436 1607 3518 idern

209 3583 290 3638 nou
332 3556 481 3640 omisit.
523 3554 696 3664 Vngaris
738 3555 859 3662 igitur
902 3584 946 3640 se
980 3557 1143 3640 incaute
1185 3556 1292 3640 circa
1325 3558 1606 3642 obsessionem

210 3678 386 3762 ciuitatis
418 3679 700 3787 ingerentibus
732 3679 987 3762 alemanicus
1020 3694 1061 3760 et
1077 3680 1251 3788 ytalicus
1284 3681 1491 3764 exercitus
1520 3681 1609 3764 illos

211 3793 360 3885 inuasit
392 3828 445 3883 ex
479 3802 667 3910 obmpto‚
685 3814 731 3883 ut
762 3801 796 3884 si
828 3802 969 3908 fugere
1002 3801 1229 3886 voluissent
1261 3829 1342 3886 nou
1366 3803 1608 3912 potuissent,

211 3949 264 4005 ex
296 3945 381 4008 una-
412 3936 528 4032 parte
559 3921 715 4006 fluuioli
730 3918 758 4031 ¹)
792 3924 862 4031 qui
896 3923 974 4006 illis
1007 3924 1153 4008 diebus
1186 3952 1260 4032 per
1292 3924 1457 4008 canales
1486 3926 1608 4009 mira·

210 4045 345 4129 biliter
376 4045 660 4148 inundaucrat,
695 4045 1038 4154 impedimentum
1071 4046 1237 4148 faciens,
1265 4048 1318 4130 ab
1350 4047 1478 4129 altero
1511 4073 1609 4130 vero

211 4167 462 4250 exercitibus
495 4167 687 4276 predictis
721 4167 1128 4250 circumvallantibus
1161 4168 1268 4252 sicut
1308 4197 1462 4270 murus
1498 4168 1608 4252 illos·

210 4317 291 4397 quc
324 4289 710 4394 constringentibus.
744 4289 810 4370 Sic
843 4289 981 4398 itaque
1015 4290 1131 4372 artati
1150 4292 1202 4372 ab
1220 4291 1419 4392 hostibus
1439 4292 1606 4400 quidam

210 4412 406 4521 captiuati
437 4411 489 4496 ab
523 4411 581 4494 eis
614 4412 709 4518 (35)
743 4410 868 4518 aliqui
901 4411 1121 4494 crudeliter
1152 4425 1249 4494 sunt
1280 4413 1427 4497 necati.
1447 4413 1492 4494 In
1526 4438 1609 4520 quo

210 4533 298 4616 loco
331 4535 427 4616 Leel
461 4549 502 4615 et
534 4533 695 4616 Bulcbu
727 4533 905 4617 illustres
938 4533 1142 4642 capitanei
1184 4534 1378 4644 captiuati
1421 4549 1529 4633 sunt,
1564 4549 1606 4614 ct

211 4655 322 4741 ducti
365 4683 504 4739 eoram
548 4654 708 4740 Cesare.
756 4655 869 4752 Quos
912 4684 1008 4739 curu
1051 4653 1176 4740 Cesar
1218 4656 1442 4764 requireret
1482 4683 1608 4763 quare

211 4777 440 4864 christianis
475 4792 613 4862 essent
644 4778 702 4861 sic
736 4777 952 4860 crudeles?
992 4778 1155 4860 dicunt:
1197 4778 1279 4858 Nos
1320 4805 1463 4859 sumus
1506 4775 1607 4860 ultio

212 4963 416 4976 ——unt-o-n——n

319 5041 344 5130 Ι)
373 5035 476 5112 fluuio
504 5035 580 5110 Lih.
611 5037 648 5116 T.
