3900 5762
1039 463 1082 530 92

358 675 525 758 fiebant.
557 675 683 759 Facta
704 677 826 784 igitur
855 677 933 760 hae
966 680 1135 762 rietoria
1167 707 1241 760 rex
1275 675 1545 759 Gernraniens
1577 672 1766 756 Ladislao

359 799 444 904 regi
476 800 557 904 egit
589 814 734 904 grates,
769 801 879 907 quod
913 830 986 909 per
1018 831 1114 884 erun
1150 802 1315 884 dustria
1347 813 1388 880 et
1429 797 1548 879 Stiria
1580 797 1657 879 sibi
1689 795 1767 876 fuit

360 921 547 1003 restituta
580 921 647 1003 illo
680 923 758 1004 die.
791 922 841 1004 Et
873 925 931 1004 sie
964 925 1177 1007 ladislaus
1210 951 1282 1005 rex
1301 921 1511 1028 Hungarie
1529 919 1647 1000 rediit
1670 945 1765 999 eurn

360 1043 541 1144 victoria,
575 1071 670 1149 rege
704 1044 976 1126 dlanrannieo
1010 1047 1049 1127 in
1085 1047 1250 1128 dustria
1282 1057 1534 1125 remanente.
1583 1039 1671 1122 llee
1705 1057 1767 1120 est

362 1165 471 1246 enirn
505 1166 680 1248 ladislai
713 1168 819 1272 regis
851 1168 1021 1249 rietoria
1053 1169 1242 1275 primitia,
1256 1163 1285 1274 ¹)
1335 1195 1460 1274 quarn
1509 1163 1650 1244 diuina
1683 1161 1766 1242 ele·

361 1287 517 1368 inentia
548 1289 583 1369 ei
618 1289 759 1370 tribuit
791 1291 832 1370 in
867 1305 974 1371 etate
1008 1290 1284 1373 adolescentie
1319 1289 1554 1370 eonstitnto.
1602 1285 1648 1364 ln
1684 1310 1766 1389 qno

362 1409 531 1515 quidem
564 1412 751 1494 exereitu
798 1412 886 1520 ipso
935 1413 1000 1494 die
1042 1441 1181 1494 rornes
1214 1411 1422 1492 Renoldns
1456 1407 1563 1490 filins
1596 1406 1765 1487 Renoldi

361 1532 578 1613 banerinnr
611 1532 715 1638 regis
747 1535 880 1615 tenuit
911 1535 1080 1616 viriliter
1112 1549 1152 1616 et
1184 1547 1374 1642 potenter
1406 1532 1457 1613 de
1490 1528 1665 1612 Basteoh
1689 1528 1767 1608 ori·

361 1653 512 1756 undns,
546 1654 754 1738 adstantes
787 1656 954 1738 (lornino
986 1658 1069 1762 regi
1102 1659 1246 1738 tratres
1280 1655 1467 1737 eiusdem
1491 1649 1767 1733 AndreasSa·

361 1775 501 1856 lonron
534 1775 760 1878 ladislaus
794 1793 834 1858 et
866 1779 933 1859 alii
966 1780 1079 1883 regni
1112 1778 1320 1884 llungarie
1338 1777 1498 1858 nobiles
1527 1775 1633 1856 sieut
1650 1771 1766 1854 stelle

364 1897 441 1979 eeli
473 1900 631 2005 absque
664 1927 849 1983 nurnero.
886 1901 940 1982 Ut
973 1929 1067 2006 ergo
1100 1903 1141 1982 in
1185 1901 1426 1981 nrennniarn
1475 1897 1617 1979 redeat
1664 1893 1768 2000 regis

363 2019 540 2103 Ladislai
587 2034 671 2102 tarn
719 2023 894 2128 gloriosa
941 2024 1285 2130 triumphalisque
1334 2021 1513 2121 rietoria,
1548 2019 1588 2098 in
1621 2043 1769 2124 oppro-

365 2142 499 2223 brium
549 2144 934 2252 sempiternumque
982 2146 1164 2227 dedecus
1212 2145 1473 2245 Boernnrnnr,
1522 2141 1768 2221 l'olonorurn

365 2261 715 2372 bleranorurnque
763 2281 880 2348 senta
925 2281 965 2348 et
996 2267 1152 2348 rexilla
1184 2268 1224 2347 in
1260 2267 1432 2348 Albensi
1465 2263 1639 2345 ecelesia
1673 2259 1768 2340 sede

365 2385 479 2491 regni
511 2411 560 2467 ae
592 2389 693 2470 solio
726 2388 767 2469 in
800 2390 955 2496 pariete
989 2417 1189 2497 suspensa
1224 2389 1264 2469 in
1283 2403 1471 2470 eternunr
1490 2397 1768 2495 perseuerant.

523 2506 594 2590 47.
627 2511 751 2592 Aliud
797 2539 964 2618 qunque
1006 2513 1297 2594 rniraeulosunr
1341 2510 1515 2618 prelinnr
1557 2504 1769 2588 ladislaus

367 2655 441 2710 rex
475 2631 716 2715 adnleseens
749 2633 895 2715 habuit
912 2661 1006 2715 enrn
1026 2635 1231 2736 t'onranis,
1251 2633 1359 2740 qnod
1378 2631 1507 2740 prelio
1535 2626 1769 2736 precedenti

368 2766 642 2860 eornparatur.
677 2755 804 2862 Igitur
837 2784 931 2837 cunr
966 2755 1139 2837 Cornani
1157 2783 1230 2864 per
1246 2783 1383 2859 regern
1407 2755 1547 2834 lielarn
1584 2752 1649 2858 pie
1682 2775 1768 2829 rne-

368 2875 497 2955 rnorie
530 2901 658 2958 auunr
691 2879 796 2983 regis
832 2879 870 2958 in
903 2877 1156 2983 llnngariarn
1178 2879 1309 2985 prirno
1328 2875 1560 2976 introducti,
1578 2889 1624 2956 ut
1646 2897 1768 2952 arena

367 2997 632 3104 postmodun]
668 3001 984 3100 surerenissent,
1005 3016 1044 3081 et
1077 3001 1155 3109 ipsi
1185 3000 1270 3103 regi
1288 2999 1386 3080 Bele
1405 3000 1514 3105 ipsos
1536 2997 1768 3103 dispergere

368 3119 411 3199 in
443 3119 581 3201 aninro
613 3123 872 3228 peruenisset
904 3151 979 3230 per
1010 3123 1256 3229 prouineias,
1276 3135 1316 3202 et
1335 3147 1549 3226 uunquanr
1570 3117 1607 3198 id
1635 3120 1768 3198 taeere

368 3243 700 3350 presumpsisset,
736 3245 774 3324 in
809 3273 934 3349 regno
983 3273 1192 3350 enrergere
1241 3245 1441 3327 lesionern
1490 3268 1660 3348 sperans
1699 3265 1770 3344 per

371 3364 559 3465 eosdern3
592 3366 669 3446 hoe
701 3367 838 3474 ipsrnn
872 3367 1020 3448 dieitur
1052 3396 1124 3447 rex
1144 3365 1378 3473 Stephanus
1397 3379 1513 3472 pater
1541 3363 1628 3443 eins
1662 3362 1768 3442 bone

371 3487 569 3566 rnernorie
601 3487 652 3567 de
686 3488 784 3594 ipsis
818 3489 1029 3592 rogitasse,
1063 3502 1103 3569 et
1136 3503 1302 3597 propter
1335 3487 1538 3568 eantelarn
1566 3507 1767 3564 rnernora-

369 3623 454 3687 tarn
487 3609 707 3691 retraxisse
741 3638 862 3691 suurn
906 3611 1025 3691 reile.
1078 3611 1288 3694 ladislaus
1336 3635 1432 3689 vero
1481 3635 1553 3689 rex
1604 3603 1768 3686 illustris

370 3729 580 3812 animosus
613 3758 663 3811 an
695 3732 956 3837 rnagniuolus
979 3733 1193 3840 perfidiam
1226 3747 1366 3813 eorrtra
1400 3759 1493 3812 enin
1520 3753 1770 3832 rognoseens

370 3851 477 3931 inter
509 3879 579 3931 eos
611 3855 812 3956 fabrieari,
845 3855 980 3934 taliter
1026 3855 1224 3963 prooessit
1259 3869 1400 3934 eurrtra
1444 3854 1553 3960 ipsos
1596 3849 1769 3930 bellatu-

371 3999 452 4075 rus
471 3987 516 4053 ut
549 3974 588 4053 in
622 3976 751 4081 prelio
785 3977 873 4082 ipso
907 3978 1052 4057 aeriter
1084 3976 1290 4078 debellati,
1310 3975 1476 4082 plurirni
1503 3963 1768 4078 intereepti,²)

372 4094 539 4200 quidanr
574 4123 671 4176 vero
704 4124 755 4176 ex
799 4099 908 4205 ipsis,
946 4099 1097 4180 relictis
1146 4099 1347 4181 uxoribus
1391 4095 1529 4204 pueris
1569 4113 1609 4174 et
1648 4093 1769 4173 rebus

372 4216 577 4318 omnibus
610 4219 659 4299 ad
695 4221 871 4326 populos
904 4222 1098 4302 barbaros
1141 4221 1361 4326 fugierunt.
1411 4217 1606 4298 Nonnulli
1649 4215 1768 4295 etiarn

372 4337 441 4446 qui
475 4356 572 4420 sunt
605 4341 766 4444 residui,
800 4343 919 4447 regiis
956 4345 1156 4450 proneptis
1190 4343 1228 4422 in
1263 4357 1422 4423 tanturn
1457 4353 1553 4422 sunt
1586 4333 1770 4432 subiecti,

373 4461 481 4568 quod
518 4462 639 4543 eorde
672 4465 849 4546 trernulo
883 4465 951 4544 rix
985 4466 1124 4546 ridere
1159 4465 1313 4546 audent
1353 4463 1515 4544 rulturn
1558 4460 1677 4565 regis.
1726 4457 1770 4538 In

373 4585 451 4664 hoo
484 4609 578 4690 ergo
611 4585 739 4691 prelio
777 4587 976 4669 oeeiditur
1007 4583 1268 4694 (diuernus³>
1312 4585 1419 4666 tilius
1452 4585 1548 4665 Pata
1589 4610 1664 4690 per
1695 4579 1771 4662 Co-

373 4731 518 4790 rnanos
551 4706 601 4786 de
634 4734 783 4812 genere
821 4710 920 4798 aba
955 4707 1142 4790 Andreas
1174 4710 1299 4790 frater
1324 4706 1530 4790 laurentii
1563 4704 1671 4786 filins
1705 4728 1771 4784 eo·

373 4893 579 4904 ——n-a

482 4957 508 5064 ¹)
535 4963 731 5066 priuritirna.
764 4961 791 5065 ²)
821 4965 1003 5044 interfecti.
1035 4966 1062 5072 ³)
1091 4967 1273 5048 Oliuerius.
