3896 5758
1007 541 1244 662 er.-.

498 880 579 963 LII.
613 877 719 956 Dux
745 875 862 957 Belo,
889 876 1088 958 feliciter
1115 881 1363 958 coronatur
1388 875 1436 956 in
1464 875 1676 981 νομιῶ)

540 1125 639 1208 Dux
672 1125 795 1232 igitur
824 1125 925 1206 Bela
956 1140 1127 1209 vocatus
1160 1127 1303 1235 llenyn
1340 1126 1470 1208 uictor
1511 1156 1604 1218 cum
1640 1128 1785 1210 trium·

385 1249 467 1357 pho
499 1249 617 1330 uenit
656 1248 699 1327 in
742 1247 952 1329 ciuitatem
987 1249 1149 1351 Albam,
1192 1250 1331 1356 ibique
1372 1249 1499 1354 regali
1539 1250 1786 1357 dyademate

384 1371 680 1477 inungentibus
714 1398 809 1452 eum
844 1371 1048 1478 episcopis
1079 1372 1253 1452 feliciter
1285 1386 1347 1454 est
1380 1384 1611 1460 coronatus.
1637 1371 1787 1453 Tenuit

386 1505 526 1576 autem
560 1519 733 1598 reguum
766 1493 948 1600 pacifice,
982 1493 1070 1574 sine
1105 1494 1390 1577 molestatione
1418 1495 1597 1580 hostium
1617 1507 1658 1574 et
1686 1520 1787 1601 que·

385 1616 481 1698 siuit
512 1617 622 1696 bona
653 1615 763 1720 genti
797 1641 884 1695 suc.
916 1615 1027 1696 Inter
1060 1628 1195 1696 cetera
1221 1617 1424 1722 siquidem
1444 1617 1596 1724 pericle
1616 1643 1691 1702 sue
1724 1642 1788 1696 ar-

385 1751 594 1843 gumenta,
627 1737 724 1818 fecit
755 1737 942 1817 fabricari
976 1765 1169 1819 nummos
1205 1766 1350 1844 magne
1385 1751 1549 1824 monete
1583 1739 1787 1845 expuris-

386 1861 489 1942 simo
502 1875 683 1965 argento,
697 1873 738 1940 et
754 1859 939 1965 precium
959 1887 1093 1941 rerum
1114 1860 1325 1942 uenalium
1345 1859 1576 1947 secundum
1594 1873 1745 1941 terram
1757 1856 1786 1966 ¹)

387 1981 658 2088 quantitatem
693 1981 800 2062 iusto
834 1982 1114 2063 moderamine
1148 1983 1321 2064 discrete
1355 1982 1529 2069 racionis
1562 1981 1786 2065 constituit.

384 2105 476 2185 Non
518 2104 627 2185 enim
683 2104 948 2210 permittebat
993 2121 1240 2186 mercatores
1287 2119 1327 2186 et
1373 2105 1672 2196 nummularios
1714 2131 1788 2213 per

385 2225 673 2308 detestabilem
706 2225 884 2307 auaricic
926 2226 1164 2332 uoraginem
1199 2254 1222 2308 a
1255 2227 1511 2334 simplicibus
1553 2241 1594 2307 et
1626 2227 1787 2308 rusticis

384 2349 639 2456 superfluum
671 2349 833 2429 lucrum
868 2375 1127 2454 congregare.
1166 2349 1253 2430 llec
1287 2363 1349 2431 est
1388 2351 1500 2430 enim
1533 2375 1670 2452 causa,
1705 2375 1786 2455 quc

384 2471 567 2550 maxime
600 2469 704 2551 solet
737 2471 913 2577 populos
946 2471 1199 2578 paupertatis
1232 2486 1273 2552 ct
1313 2471 1449 2578 inopie
1487 2470 1681 2580 periculis
1714 2473 1786 2551 ob·

384 2591 566 2694 uoluere,
600 2585 714 2697 sed²)
747 2602 949 2674 statutum
981 2593 1166 2700 precium
1190 2595 1479 2700 unusquisque
1506 2594 1715 2674 relidebat
1748 2609 1786 2673 et

385 2715 561 2818 eruebat,
596 2713 683 2795 sine
717 2713 863 2795 iniuria
896 2729 936 2794 et
965 2715 1615 2798 01101111111011010110.10ϊοοῐ0111111
1650 2714 1786 2795 onmia

383 2837 472 2916 fora
502 2836 568 2916 die
601 2833 770 2918 Sabbati
808 2837 1018 2918 constituit
1050 2867 1123 2944 pro
1157 2838 1374 2924 vendendo
1418 2853 1459 2918 et
1501 2837 1690 2938 emend0,
1723 2837 1784 2919 bi·

383 2958 657 3064 sancinosque
691 2958 802 3039 misit
834 2985 995 3039 01111010
1029 2987 1102 3066 pcr
1134 2960 1361 3042 districtum
1397 2959 1603 3064 regnisui.
1626 2963 1781 3064 Argen·

383 3094 471 3163 teos
505 3081 635 3161 eciam
670 3081 858 3162 denarios
893 3094 937 3161 ut
976 3109 1100 3188 supra
1143 3082 1340 3188 scriptum
1385 3097 1445 3163 cst
1489 3081 1640 3164 cudere.
1677 3081 1783 3182 tecit,

384 3230 561 3310 quorum
594 3203 864 3309 quadraginta
896 3203 1105 3286 bisancius
1139 3231 1288 3285 census
1322 3219 1418 3286 crat.
1449 3203 1567 3284 Vnde
1601 3216 1642 3284 et
1673 3231 1782 3284 nunc

382 3326 538 3406 denarii
571 3352 744 3406 numero
779 3325 1048 3430 quadraginta
1081 3352 1228 3410 aurum
1262 3325 1535 3434 appellantur,
1557 3351 1641 3406 non
1674 3323 1780 3431 quod

383 3449 464 3530 sint
496 3447 621 3547 aurei,
655 3448 726 3528 sed
761 3446 869 3554 (prod
904 3461 965 3527 tot
996 3447 1152 3528 denarii
1184 3447 1416 3529 bisanciurn
1433 3449 1573 3530 ualere
1595 3448 1663 3527 illo
1681 3465 1782 3528 tcm-

382 3595 482 3678 pore
515 3569 776 3650 uidebantur.
810 3570 1015 3652 (lmnibus
1048 3570 1159 3651 enim
1193 3569 1338 3651 dielms
1383 3570 1465 3650 uite
1511 3597 1584 3650 suc
1627 3570 1667 3650 in
1701 3583 1780 3650 tota

381 3691 593 3796 Huugaria
623 3718 704 3772 nou
740 3705 802 3772 est
834 3703 992 3772 mutata
1023 3705 1202 3775 moneta.

538 3811 668 3894 Multa
700 3814 821 3894 ctiam
865 3799 948 3893 alia
985 3815 1083 3894 tecit
1125 3813 1376 3919 sempiterna
1412 3814 1534 3919 digna
1573 3815 1780 3895 memoria.

382 3933 578 4016 Omnium
614 3934 721 4014 euim
758 3935 828 4040 qui
861 3934 990 4016 secuti
1024 3938 1187 4018 fuerant
1204 3934 1467 4017 Salomonem
1500 3964 1640 4040 regem
1673 3961 1775 4018 uxo·

381 4082 445 4137 res
478 4069 519 4136 et
551 4056 654 4137 filios
688 4069 728 4136 et
760 4058 897 4136 01111110
931 4085 1012 4164 que
1046 4057 1256 4138 habebant
1288 4058 1444 4163 integra
1477 4074 1518 4139 et
1549 4058 1666 4139 illesa
1688 4056 1779 4138 fecit

382 4178 587 4281 custodiri,
620 4193 667 4260 ut
698 4179 747 4260 ad
783 4207 876 4260 cum
919 4193 1065 4286 sponte
1106 4192 1419 4275 reverterentur,
1452 4181 1572 4262 bonis
1615 4179 1699 4262 suis
1740 4179 1776 4258 111

381 4327 484 4408 pace
517 4301 723 4406 degerent.
745 4302 864 4383 Unde
883 4300 1048 4408 plurimi
1081 4301 1132 4382 de
1165 4300 1242 4382 illis
1274 4301 1372 4381 t'aeti
1397 4301 1540 4384 fideles
1562 4301 1777 4383 redierunt.

539 4422 764 4506 Alleuiauit
796 4423 860 4504 hic
895 4423 1016 4503 etiam
1051 4423 1213 4531 pietatis
1238 4418 1335 4529 —³)
1357 4451 1461 4506 onus
1490 4423 1777 4529 hungarorum,

379 4573 405 4627 a
435 4545 574 4628 debito
615 4545 789 4627 sernieio
832 4547 1023 4626 relaxans
1057 4545 1114 4625 eis
1157 4558 1375 4627 consuetas
1415 4545 1511 4652 (68)
1546 4546 1776 4652 pensiones

490 4841 516 4930 ¹)
545 4845 682 4913 certam.
712 4839 751 4913 Τ.
783 4839 1138 4932 Ἰ)00011111111111.111111.
1168 4841 1208 4912 Τ.
1238 4835 1265 4938 ³)
1294 4843 1427 4916 affectu.
1459 4863 1557 4933 supp.
1588 4841 1627 4911 r.

382 4942 521 5122 Toxm'i‘)
543 4945 599 5122 {le
628 4943 847 5020 coronatione
889 4943 991 5038 primi
1029 4946 1123 5018 baele
1159 4944 1251 5041 regis
1289 4945 1353 5018 filii
1391 4943 1543 5020 ladislai
1581 4944 1683 5037 calui,
1723 4941 1779 5016 lilii
