3900 5762
782 499 936 602 L

162 711 346 820 iungeret
377 715 455 798 sibi
486 717 529 797 in
561 715 788 800 auxilium?
812 717 930 800 Tunc
962 716 1123 798 Botond
1156 743 1345 824 aggresso
1378 713 1467 823 ipso
1500 713 1559 798 sic

163 863 255 918 eum
288 839 652 946 comprehendisse
684 840 936 947 perhibetur,
970 851 1016 922 ut
1046 839 1230 946 preteriit
1241 834 1269 948 ¹)
1304 865 1433 947 parua
1460 838 1561 918 hora

162 959 201 1039 in
232 959 440 1064 luctand0,
474 962 585 1069 quod
604 963 761 1044 Grecos
794 974 1032 1070 prostratur,
1052 988 1135 1042 nou
1167 962 1310 1044 valens
1346 985 1559 1065 resurgere

161 1080 243 1161 ullo
275 1081 411 1164 modo.
444 1081 535 1178 Quo
569 1083 656 1166 viso
674 1087 899 1167 Grecorum
933 1085 1157 1191 imperator
1189 1084 1313 1165 etalii
1332 1085 1558 1164 Grecorum

161 1229 360 1310 proceres,
395 1205 636 1313 imperatrix
668 1207 792 1288 etiam
826 1234 921 1288 cunr
972 1206 1056 1288 suis
1096 1206 1310 1313 dispotinis
1349 1205 1400 1286 de
1440 1229 1558 1285 muro

163 1325 431 1430 egredientes,
464 1328 514 1409 ad
548 1355 624 1410 sua
655 1328 807 1436 palatia
838 1341 1112 1437 perrexerunt
1144 1323 1257 1435 pre²)
1291 1353 1455 1410 summa
1487 1351 1559 1407 ve-

162 1447 367 1552 recundia,
401 1450 512 1556 quod
545 1450 750 1533 acciderat
790 1464 1041 1558 reputantes.
1083 1450 1135 1530 Et
1175 1451 1272 1530 licet
1304 1451 1461 1531 Grecos
1501 1448 1560 1530 sic

161 1569 302 1652 allisus
334 1571 622 1678 superuiueret
654 1601 748 1654 cum
781 1575 910 1654 fracto
943 1572 1123 1673 brachie,
1142 1571 1303 1654 occasio
1320 1585 1459 1653 tamen
1482 1569 1561 1652 sibi

160 1691 235 1773 fuit
267 1692 358 1800 ipso
390 1692 502 1775 lucta
534 1695 675 1778 mortis
708 1723 795 1778 sue.
824 1693 1005 1778 Obtento
1039 1694 1177 1802 itaque
1210 1693 1394 1800 Hungari
1429 1705 1559 1774 certa·

162 1812 281 1896 minis
315 1815 458 1896 brauio
491 1843 564 1924 pro
598 1845 727 1900 censu
759 1817 1006 1926 postulando
1040 1818 1091 1898 ad
1118 1818 1271 1899 Grecos
1303 1815 1469 1898 nuntios
1488 1814 1560 1896 de-

161 1936 326 2040 stinant,
360 1937 512 2044 quibos
545 1939 767 2047 imperator
798 1939 1049 2023 subridendo
1082 1939 1245 2022 nullum
1282 1939 1455 2020 verbum
1499 1931 1560 2018 di÷

161 2057 265 2140 citur
300 2060 572 2166 respondisse.
605 2061 722 2145 Tunc
754 2062 940 2168 Hungari
972 2089 1066 2143 cum
1084 2061 1248 2144 'l'ocsun
1277 2086 1420 2142 eorum
1454 2060 1560 2142 duce

162 2180 332 2262 consilio
364 2180 476 2286 inito,
510 2185 661 2289 egressi
694 2185 745 2265 de
779 2186 870 2266 loco
902 2185 971 2264 illo
1003 2196 1132 2265 totam
1165 2183 1353 2265 Greciam
1389 2195 1429 2264 et
1462 2181 1560 2263 Bul-

159 2303 312 2408 garium
347 2304 582 2410 spoliantes,
616 2333 669 2386 ex
702 2308 801 2415 ipsis
833 2333 982 2388 aurum
1014 2331 1200 2412 gemmas
1233 2305 1392 2414 lapides
1408 2305 1561 2414 pretio-

159 2449 236 2528 sos,
271 2425 461 2540 captiuos
493 2429 582 2510 sine
614 2455 788 2510 nurnero
822 2441 863 2510 et
894 2448 1081 2510 armenta
1112 2428 1271 2511 infinita
1302 2427 1479 2536 rapiunt,
1497 2453 1561 2508 re·

160 2547 337 2629 deuntes
370 2549 536 2632 tandem
571 2579 666 2632 cum
699 2551 849 2658 gaudio
882 2551 923 2632 in
956 2551 1223 2632 Pannoniam.
1260 2550 1374 2632 Istud
1407 2543 1560 2656 enirn³)

160 2669 301 2752 existit
332 2671 525 2754 ultimum
574 2673 754 2781 spolium
803 2672 914 2781 quod
960 2673 1096 2754 fecere
1129 2672 1313 2778 Hungari
1360 2672 1439 2754 sub
1481 2671 1563 2752 ritu

159 2791 403 2898 paganismo
437 2796 658 2878 constituti.
680 2795 966 2878 Communitas
998 2794 1139 2902 itaque
1156 2793 1444 2901 Hungarorum
1465 2821 1561 2875 cum

158 2913 241 2994 suis
276 2914 503 3020 capitaneis
537 2945 612 3000 seu
645 2918 821 3001 ducibus
855 2943 959 3024 quos
977 2943 1050 3024 pro
1068 2931 1254 3024 tempore
1273 2916 1470 3025 preficere
1487 2941 1563 2998 usa

158 3049 254 3136 erat,
289 3063 426 3142 usque
458 3051 648 3147 tempora
679 3041 796 3122 ducis
829 3039 983 3120 (ieiche
1016 3039 1112 3120 hinc
1145 3039 1240 3120 inde
1272 3038 1369 3120 huic
1405 3038 1561 3119 mundo

158 3157 289 3266 spolia
322 3176 365 3239 et
396 3160 581 3267 pericula
614 3161 840 3244 dinoscitur
872 3161 1070 3243 intulisse.

731 3388 909 3471 CAPUT
940 3387 990 3470 ΙΙ.

318 3595 388 3675 24.
423 3597 545 3678 Anno
577 3624 675 3679 vero
693 3597 911 3680 Dominice
928 3598 1218 3680 iucarnationis
1235 3593 1562 3677 DCCCCLXVII

159 3715 316 3798 Geicha
351 3717 438 3799 dux
472 3718 613 3802 diuino
646 3722 903 3828 premonitus
936 3721 1102 3802 oraculo
1150 3720 1293 3825 genuit
1328 3709 1560 3822 sanctum)

158 3865 300 3944 regem
334 3837 610 3948 Stephanum3
643 3842 768 3925 Mihal
803 3870 899 3924 vero
931 3840 1225 3924 fraterGeiehe
1258 3837 1562 3946 genuitWazul

158 3975 197 4040 et
230 3961 311 4042 Zar
343 3962 590 4045 Ladislaum.
625 3968 680 4046 At
711 3993 784 4046 rex
819 3963 1053 4073 Stephanus
1084 3964 1225 4071 plures
1257 3962 1426 4070 quidem
1457 3960 1563 4041 filios

157 4083 314 4187 genuit,
325 4079 357 4190 ⁵)
391 4086 463 4166 sed
496 4113 623 4195 super
639 4113 783 4170 omnes
802 4116 932 4169 uuum
950 4086 1092 4191 genuit
1108 4081 1562 4192 Emricu1n⁶)‚nomine,

158 4202 247 4286 Deo
283 4220 324 4286 et
357 4205 593 4290 hominihus
627 4209 921 4291 honorabilem.
958 4207 1134 4292 Sanctus
1166 4234 1348 4314 namque
1375 4234 1447 4288 rex
1472 4204 1562 4286 Ste-

158 4326 324 4432 phanus
357 4343 575 4413 coronatus
587 4327 617 4439 ⁷)
652 4345 693 4412 et
709 4333 876 4413 tandem
895 4331 1001 4412 duce
1020 4331 1196 4438 Cuppan
1222 4330 1447 4430 interiecto,
1465 4327 1563 4409 Jula

157 4449 371 4532 auunculo
404 4479 479 4534 suo
512 4480 608 4535 cum
641 4480 773 4535 uxore
806 4467 847 4534 et
879 4453 1042 4536 duobus
1059 4452 1152 4534 filiis
1170 4453 1221 4532 de
1239 4464 1399 4559 septem
1420 4449 1562 4532 castris

157 4569 197 4652 in
231 4569 487 4678 Hungariam
521 4576 711 4680 adduct0,
746 4590 788 4658 et
819 4575 1011 4657 adiuncto
1045 4588 1206 4682 septem
1241 4588 1373 4656 castra
1400 4573 1562 4653 Panno-

157 4693 237 4796 nie,
271 4709 367 4802 post
400 4695 476 4777 hec
509 4725 604 4780 cum
638 4699 757 4781 Kean
787 4698 1061 4804 Bulgarorum
1102 4697 1208 4778 duce
1246 4708 1287 4777 et
1318 4694 1562 4778 Sclauomm

158 4847 347 4857 ,ψ

268 4905 295 4995 ¹)
323 4849 479 4996 preterit.
512 4901 538 5002 ²)
567 4927 641 5000 pro.
672 4901 700 5000 ³)
729 4900 1128 4999 contundendam.
1150 4899 1178 4998 5)
1195 4926 1274 5004 gen.
1294 4902 1396 4979 filios.
1417 4897 1443 5007 ⁶)
1462 4901 1560 4978 Emo-

159 5004 280 5082 ricum.
311 5001 340 5104 7)
369 5011 562 5086 coronatur.
