3896 5758
1023 543 1086 612 206

979 635 1135 646 --.-.-.-..

357 771 500 864 strum,
534 760 638 843 uidit
669 761 710 842 in
754 789 802 844 eo
851 762 1065 843 cerebrum
1115 774 1361 866 extractum,
1412 763 1599 872 dixitque
1648 765 1761 870 regi:

356 883 535 965 Domine
585 885 755 991 expedit
801 885 886 987 ribi,
930 898 976 965 nt
1016 911 1211 992 prepares
1249 897 1287 966 te
1331 886 1383 966 ad
1425 885 1636 969 uiaticum.
1670 886 1763 982 Quo

357 1007 496 1088 audito
529 1006 666 1087 timuit
697 1035 769 1087 rex
805 1018 846 1087 et
875 1007 1088 1112 ingemuit.
1123 1007 1267 1088 Postea
1299 1020 1438 1089 autern
1464 1008 1554 1089 iniit
1570 1037 1645 1089 rex
1662 1035 1762 1090 con·

357 1130 493 1212 silium
528 1156 625 1209 cunr
657 1128 981 1212 sceleratissimis
1015 1127 1129 1210 llark
1160 1129 1243 1209 filio
1276 1128 1412 1236 Syma,
1432 1143 1472 1211 et
1500 1131 1762 1213 rtclrillefilio

356 1252 463 1354 laco,
498 1265 665 1332 etcum
717 1250 805 1332 aliis
848 1250 1079 1353 comitibus,
1124 1277 1299 1356 (prorum
1335 1252 1504 1332 consilio
1538 1253 1685 1335 ducem
1720 1267 1764 1334 et

359 1373 488 1454 filium
522 1372 609 1454 eius
643 1373 693 1453 de
726 1374 880 1479 gremio
914 1373 1054 1454 matris
1088 1400 1162 1454 sue
1206 1385 1438 1454 extractum
1475 1391 1762 1456 execcaucrat.

357 1493 550 1602 Misitque
584 1521 636 1574 ex
671 1496 729 1578 eis
762 1495 969 1602 querulam
1005 1495 1171 1574 nominc
1205 1495 1762 1600 Benedicturu‚filiumssoth

358 1618 669 1725 apprehendere
703 1618 865 1719 ducem,
898 1643 950 1696 ne
982 1617 1086 1697 forte
1119 1631 1280 1697 mortuo
1313 1645 1408 1724 rege
1442 1619 1529 1725 ipse
1562 1619 1762 1701 cisucce·

359 1739 484 1823 deret.
520 1739 609 1820 Rex
643 1751 782 1820 autem
817 1739 857 1818 in
891 1753 1021 1818 morte
1056 1739 1239 1846 precepit
1272 1739 1353 1820 filio
1386 1767 1461 1822 suo
1495 1755 1536 1822 et
1566 1741 1762 1848 principi·

358 1862 449 1963 bus,
482 1873 529 1943 ut
560 1861 638 1968 ipsi
669 1875 763 1968 post
794 1877 967 1942 mortem
1002 1888 1121 1942 suam
1154 1887 1279 1968 super
1303 1861 1494 1944 Rosciam
1513 1863 1761 1946 ulcisceren-

358 1996 426 2066 tur
456 1983 659 2086 iniuriam,
694 2009 819 2092 quam
852 1983 929 2089 ipsi
961 1984 1155 2064 fecerant.
1200 1983 1304 2065 eum
1339 1999 1477 2065 antem
1512 1985 1761 2068 Benedictus

356 2107 603 2209 recessisset,
637 2105 724 2187 dux
764 2117 859 2187 aute
902 2106 1195 2187 monasterium
1237 2106 1418 2205 sedebat,
1456 2108 1656 2213 plangens
1689 2107 1760 2189 do·

357 2228 485 2309 lorem
518 2228 741 2336 proprium.
775 2226 853 2322 Qui
887 2255 983 2308 cum
1016 2227 1208 2330 rrrrdisset,
1243 2229 1352 2336 <prod
1387 2230 1546 2334 equites
1564 2229 1760 2310 festinan-

356 2364 418 2432 ter
448 2351 673 2449 uenissent,
716 2348 920 2456 presensit
962 2349 1100 2430 animo
1141 2350 1218 2431 sibi
1259 2351 1492 2456 periculum
1531 2352 1757 2452 imminere,

358 2485 399 2552 et
428 2472 526 2552 fecit
558 2499 601 2553 sc
634 2471 837 2553 introduci
871 2471 911 2552 in
944 2471 1252 2574 monasterium,
1295 2485 1336 2552 et
1367 2473 1536 2554 tenebat
1567 2475 1759 2556 amnibus

357 2594 483 2674 altare
516 2607 657 2676 sancte
690 2593 946 2699 Margaretlrc
983 2593 1159 2698 uirginis,
1202 2607 1248 2675 ut
1280 2594 1424 2674 saltem
1460 2622 1533 2702 pro
1566 2621 1756 2676 reueren-

356 2715 420 2795 cia
451 2714 517 2795 dei
551 2727 591 2796 et
623 2729 857 2798 sauctmum
893 2715 981 2797 eius
1015 2743 1109 2796 cnm
1145 2717 1238 2796 iudo
1282 2717 1518 2798 abstrahere
1551 2743 1632 2797 non
1668 2745 1755 2824 pre·

355 2849 533 2920 sumant.
566 2838 815 2920 Benedictus
847 2849 986 2919 antem
1005 2864 1078 2944 per
1105 2837 1328 2919 antifrasim
1363 2838 1508 2940 dictus,
1542 2839 1756 2946 sacrilegas

354 2985 502 3041 manus
534 2960 674 3041 iniecit
708 2960 749 3041 in
782 2987 890 3062 curra,
935 2972 976 3039 et
1015 2972 1226 3040 tenentem
1269 2961 1411 3041 altaria
1447 2961 1653 3043 uiolenter
1685 2989 1755 3042 cx·

352 3081 552 3163 trahebat.
585 3081 698 3164 Dum
732 3109 898 3189 quoquc
931 3081 989 3163 sic
1022 3095 1240 3162 contuetur
1258 3082 1485 3184 extrahere,
1505 3083 1671 3166 diuulsa
1698 3097 1756 3166 est

354 3204 458 3286 cutis
490 3231 639 3286 manus
671 3204 799 3305 ducis,
834 3217 875 3284 ct
907 3203 1104 3284 infectum
1139 3216 1200 3286 est
1231 3205 1357 3284 altare
1384 3204 1755 3309 sanguineSacer·

354 3326 469 3408 dotes
502 3342 642 3409 autem
675 3327 954 3408 obseruabant
985 3325 1117 3407 hostia
1151 3323 1334 3428 ecclesie,
1369 3343 1409 3405 ot
1427 3327 1625 3408 uolebant
1643 3327 1754 3408 illum

353 3449 625 3529 Benedictum
658 3475 818 3556 capere.
851 3448 924 3527 llle
958 3462 1098 3528 autem
1132 3447 1209 3528 hoc
1242 3447 1472 3554 percipiens
1506 3449 1629 3530 corde
1656 3449 1754 3530 furi·

354 3571 495 3651 buado
528 3571 736 3678 quomodo
769 3570 903 3678 potuit
935 3568 1077 3671 exiuit,
1112 3585 1152 3650 et
1184 3570 1282 3650 ‹lrnn
1316 3571 1558 3651 festinanter
1599 3572 1756 3678 equita·

354 3706 416 3774 ret
447 3719 520 3800 per
553 3694 698 3775 siluam
749 3692 878 3800 Polys‚
930 3691 1078 3771 cecidit
1110 3691 1160 3770 de
1195 3717 1314 3796 cerro,
1364 3707 1405 3772 ct
1437 3693 1599 3773 ceruice
1631 3695 1757 3774 tracta

355 3827 542 3896 mortuus
576 3827 648 3896 est.
681 3815 733 3894 Et
765 3841 888 3895 canes
922 3813 1048 3920 (108)
1083 3813 1171 3894 eius
1205 3814 1274 3918 qui
1308 3815 1591 3920 sequebantur
1609 3815 1755 3922 ipsum,

355 3938 661 4018 deuorancrunt
694 3963 837 4018 earnes
870 3936 958 4015 eius
992 3949 1032 4016 et
1064 3960 1167 4016 ossa.

510 4058 591 4140 Iste
625 4058 887 4161 Colomanus‚
916 4057 1023 4138 sicut
1055 4057 1224 4163 quidam
1253 4057 1407 4158 dicunt,
1428 4057 1504 4138 fuit
1537 4059 1756 4165 episcopus

355 4179 644 4282 waradiensis
679 4180 751 4262 sed
792 4180 889 4286 quia
930 4180 1073 4259 fratres
1117 4205 1220 4286 epuns
1260 4179 1452 4280 habebat,
1486 4193 1617 4261 morte
1662 4195 1758 4262 sunt

357 4303 558 4410 preuenti,
592 4302 683 4383 idco
717 4328 881 4384 sununo
914 4300 1107 4408 pontifice
1141 4328 1234 4380 cum
1271 4327 1319 4382 co
1360 4301 1626 4406 dispensante
1669 4329 1757 4408 reg·

355 4451 453 4506 nare
487 4424 759 4532 compellitur.
793 4422 871 4518 Qui
905 4425 957 4504 ab
990 4422 1183 4527 hungaris
1217 4419 1385 4505 Cuuues
1409 4423 1580 4504 Calrnan
1615 4423 1756 4532 appel-

355 4548 474 4629 latur.
507 4546 565 4627 Eo
599 4546 708 4652 quod
743 4546 867 4627 libros
901 4544 1092 4645 habebat,
1110 4543 1149 4623 in
1186 4544 1337 4649 quibus
1371 4545 1491 4626 horas
1525 4545 1755 4646 canonicas

355 4683 403 4752 ut
435 4669 653 4776 episcopus
686 4668 961 4774 persolucbat.
994 4665 1076 4747 lste
1108 4664 1315 4747 Dalmatic
1333 4695 1505 4771 reguum
1529 4667 1665 4750 occiso
1683 4693 1755 4750 suo

355 4818 451 4898 rege
495 4791 614 4872 Petro
656 4790 866 4870 nominato
908 4789 949 4869 in
993 4787 1204 4868 montibus
1246 4787 1508 4894 Petcrgozdia
1546 4789 1755 4896 llungarie

357 4913 558 4996 adiunxit.
592 4911 739 4993 Galeas
773 4937 941 5018 ‹lucqnc
972 4908 1226 4991 Venetorum
1257 4923 1298 4991 et
1329 4937 1459 4992 naues
1492 4911 1685 5015 solidans,
1717 4923 1756 4992 et

357 5036 537 5117 allocans
570 5034 747 5144 pecunia
766 5034 948 5114 maxima
982 5031 1212 5114 exercitum
1245 5033 1461 5141 copiosum
1492 5034 1534 5116 in
1559 5031 1756 5144 Apuliam
