3898 5752
981 536 1138 639 ..2444-

355 762 438 833 tres
471 749 680 858 prepositi,
721 751 933 832 videlicet:
974 749 1168 858 Magister
1208 750 1395 834 Andreas
1436 753 1671 860 prepositus
1704 752 1756 834 al·

353 873 495 956 bensis
529 872 715 974 ecclesie,
733 873 797 955 uir
813 872 936 955 ualde
954 874 1216 975 uenerabilis,
1249 875 1635 956 rice-cancellarius
1651 876 1757 980 regie

353 994 579 1078 maiestatis
612 994 795 1077 existens
829 1022 925 1076 cum
958 996 1089 1101 sigillo
1122 997 1227 1102 regis
1267 997 1399 1104 periit.
1447 997 1550 1077 Item
1585 995 1757 1078 Michael

352 1116 586 1224 prepositus
620 1116 671 1197 de
702 1117 870 1224 Posoga‚
905 1131 946 1198 et
977 1118 1171 1204 Nicolaus
1203 1118 1439 1226 prepositus
1457 1118 1507 1199 de
1528 1117 1635 1200 Alba
1651 1131 1756 1199 tran·

352 1239 525 1321 siluano.
558 1240 661 1319 ltem
695 1239 884 1322 Andreas
917 1240 1121 1347 plebanus
1155 1242 1206 1323 de
1239 1239 1375 1341 Saros,
1405 1255 1445 1320 et
1462 1239 1604 1321 Frater
1619 1240 1757 1322 Petrus

353 1361 404 1442 de
437 1361 578 1442 ordine
610 1360 929 1464 Predicatorum‚
963 1363 1026 1443 vir
1057 1364 1267 1464 honestus
1286 1363 1372 1443 dire
1400 1363 1542 1444 mortis
1563 1363 1758 1470 poculum

352 1495 615 1590 acceperunt,
650 1483 747 1590 quia
778 1483 820 1564 in
855 1485 1024 1566 cerebra
1056 1487 1238 1592 capitum
1274 1511 1417 1565 eorum
1446 1484 1603 1590 ligneos
1623 1485 1758 1566 clauos

354 1605 641 1687 miserabiliter
683 1605 918 1687 affixerunt.
963 1606 1090 1716 (146)
1134 1606 1310 1704 Quidam
1356 1607 1479 1686 etiam
1529 1607 1759 1688 sacerdotes

353 1727 424 1834 qui
458 1740 574 1808 erant
606 1726 809 1833 capellani
842 1729 948 1834 regis
980 1745 1078 1811 sunt
1111 1729 1247 1811 occisi.
1281 1727 1564 1810 Cumanorum
1583 1729 1759 1836 denique

352 1849 504 1930 corruit
545 1848 830 1932 inestimabilis
872 1850 1106 1933 multitudo.
1155 1850 1369 1933 Cadauera
1411 1851 1520 1930 enim
1564 1851 1758 1952 omnium,

351 1984 435 2052 tam
471 1971 653 2052 uirorum
688 1971 1059 2054 ecclesiasticorum
1094 2001 1220 2082 quam
1254 1973 1452 2054 laicorum
1486 1972 1689 2054 nobilium
1721 1973 1758 2054 in

351 2093 442 2174 loco
477 2092 712 2175 certaminis
745 2093 900 2174 ibidem
934 2108 1100 2202 tempus
1134 2094 1451 2178 resurreccionis
1468 2095 1671 2200 generalis
1690 2123 1758 2174 ex-

352 2227 544 2322 pectant;
576 2241 654 2295 nec
688 2215 770 2295 cari
804 2241 944 2297 eorum
990 2232 1216 2323 potuerunt
1256 2243 1353 2298 suos
1392 2216 1563 2299 dilectos
1595 2233 1759 2324 propter

353 2337 532 2419 hostium
551 2337 740 2420 incursus
758 2337 1020 2444 aliquatenus
1039 2337 1249 2421 rehabere.
1268 2338 1470 2419 Tulerunt
1488 2339 1597 2419 enim
1617 2338 1756 2420 Vlaohi

352 2459 505 2540 multos
539 2458 738 2566 captiuos,
772 2471 856 2540 tarn
890 2461 1127 2543 vulneratos
1162 2489 1288 2569 quam
1332 2461 1480 2563 illesos,
1515 2475 1557 2541 et
1589 2487 1756 2568 accepe-

351 2593 448 2662 runt
479 2581 659 2687 plurima
691 2608 806 2662 arma
836 2595 1059 2689 vestesque
1092 2585 1293 2692 pretiosas
1327 2583 1514 2663 omnium
1553 2583 1756 2684 elisorum,

351 2704 660 2810 pecuniamque
693 2703 734 2784 in
768 2730 868 2784 auro
902 2718 943 2784 et
975 2720 1155 2810 argento,
1191 2706 1231 2788 in
1265 2704 1377 2788 uasis
1394 2705 1596 2812 pretiosis,
1615 2718 1656 2786 et
1673 2704 1757 2786 bal-

352 2823 469 2924 theiS,
507 2837 548 2904 et
579 2825 712 2906 multa
744 2826 954 2933 marsupia
986 2827 1163 2909 latorum
1182 2854 1428 2934 grossorum,
1448 2841 1489 2908 et
1506 2853 1636 2934 equos
1654 2827 1752 2908 mul·

351 2959 414 3028 tos
449 2974 544 3027 cum
578 2947 690 3029 sellis
724 2962 765 3028 et
797 2948 935 3050 frenis,
970 2976 1053 3055 que
1086 2951 1224 3032 omnia
1255 2963 1527 3058 portauerant
1565 2965 1606 3030 et
1637 2949 1757 3030 tradi·

320 3145 325 3155 .
351 3068 502 3150 derunt
537 3069 614 3176 ipsi
647 3069 828 3150 Bazarad
860 3071 1065 3180 uoyuode.
1100 3071 1189 3153 Rex
1216 3086 1355 3154 autem
1375 3084 1611 3153 mutauerat
1628 3097 1757 3153 armo-

351 3219 442 3272 rum
477 3217 648 3273 suorum
680 3191 856 3297 insignia
873 3193 1024 3299 quibus
1042 3193 1233 3276 induerat
1258 3193 1396 3276 Desev
1413 3193 1543 3274 filium
1561 3192 1755 3303 Dyonisii‚

352 3341 478 3420 quem
512 3326 706 3421 putantes
741 3339 831 3396 esse
864 3341 1002 3420 regem
1038 3316 1259 3399 crudeliter
1284 3316 1536 3398 occiderunt.
1555 3315 1643 3397 Rex
1661 3342 1756 3396 uero

350 3436 440 3542 ipse
474 3464 568 3518 cum
606 3435 751 3543 paucis
784 3462 858 3543 pro
891 3437 1064 3518 tuitione
1097 3465 1267 3520 suorum
1310 3437 1543 3544 aliquorum
1575 3437 1755 3520 fidelium

351 3556 422 3637 rix
457 3558 601 3639 euasit.
635 3555 810 3640 Stabant
842 3559 950 3639 enim
986 3559 1026 3638 in
1060 3561 1234 3643 circuitu
1267 3562 1355 3642 eius
1389 3559 1507 3666 quasi
1535 3559 1642 3640 muri
1658 3560 1755 3666 lapi-

351 3678 439 3759 dei:
475 3681 670 3785 magister
699 3679 850 3762 Doncb
883 3709 978 3762 cum
1012 3683 1201 3764 Ladizlao
1242 3683 1325 3764 filio
1357 3707 1445 3783 su0,
1480 3695 1522 3762 et
1562 3681 1755 3764 militibus

351 3799 441 3884 aliis
474 3800 525 3880 de
558 3801 714 3882 familia
746 3802 872 3908 regis3
906 3817 948 3883 et
979 3802 1172 3909 Magister
1204 3803 1404 3887 Martinus
1443 3803 1553 3886 filius
1585 3803 1752 3901 Berend,

352 3921 424 4028 qui
457 3948 601 4004 omnes
645 3924 751 4006 ictus
799 3925 1026 4029 gladiorum
1063 3939 1104 4006 et
1135 3928 1375 4034 sagittarum
1423 3953 1626 4032 superse
1659 3925 1755 4008 reci·

352 4043 534 4150 piebant,
567 4045 683 4127 velut
723 4048 891 4154 ymbres
939 4047 1190 4154 plumarum,
1224 4062 1271 4131 ut
1301 4049 1407 4153 regis
1444 4048 1532 4129 uita
1565 4075 1590 4129 a
1621 4047 1755 4130 mortis

351 4167 512 4273 impetu
559 4183 806 4250 seruaretur.
846 4167 1060 4250 Catlebant
1101 4171 1224 4252 etiam
1255 4171 1295 4251 in
1329 4167 1503 4252 circuitu
1556 4171 1755 4251 exercitus

350 4287 536 4394 undique
569 4289 621 4370 de
663 4290 810 4371 canina
859 4291 1123 4372 multitudine
1155 4292 1408 4374 Vlachorum
1445 4293 1562 4400 quasi
1607 4319 1752 4392 musoe‚

351 4437 433 4516 que
476 4411 745 4517 perdiderunt
793 4413 1041 4494 suauitatem
1086 4415 1300 4520 unguenti,
1346 4443 1442 4495 oum
1492 4415 1750 4498 christianum

349 4531 566 4639 populum,
601 4547 641 4613 et
673 4553 821 4616 unctos
855 4535 993 4616 christi
1019 4538 1255 4620 sacerdotes
1277 4536 1651 4619 immisericorditer
1666 4561 1750 4644 per·

351 4668 580 4736 cusserunt.
615 4655 801 4750 Quorum
836 4656 1086 4739 Vlachorum
1119 4687 1341 4741 numerum
1375 4660 1432 4740 ibi
1463 4686 1538 4767 per
1555 4659 1749 4765 hungaros

351 4775 593 4880 occisorum,
628 4777 790 4860 subtilis
823 4779 1085 4861 solummodo
1118 4781 1328 4864 infernalis
1362 4780 1611 4889 compotista
1634 4779 1748 4862 colle·

350 4896 420 5002 git.
453 4897 543 4978 Rex
576 4914 717 4981 autem
751 4928 847 4981 cum
881 4901 952 4982 tali
985 4915 1141 4986 euentu
1173 4903 1289 4985 uenit
1316 4904 1357 4984 in
1374 4902 1620 5012 Vyssegrad.
1636 4903 1748 4984 Porro

350 5045 446 5102 cum
479 5019 652 5131 hungari
684 5021 906 5107 fortissima
937 5037 978 5106 et
1010 5025 1229 5110 durissima
1251 5026 1382 5140 prelia
1414 5025 1571 5136 ubique
1611 5023 1748 5136 gessis-
