3896 5758
974 475 1072 578 ar

341 723 480 806 dream
499 723 643 806 Belam
677 738 802 832 atque
820 725 1048 808 Leucatam
1082 737 1223 807 contra
1254 724 1421 808 Petrum
1439 749 1579 831 regem
1596 715 1639 806 in
1657 749 1745 830 reg-

339 875 440 929 num
473 847 683 928 reducere.
714 846 860 930 Petrus
892 874 992 929 uero
1025 875 1101 930 rex
1132 846 1373 929 uehementi
1404 846 1540 928 furore
1573 872 1746 930 succen-

339 996 410 1052 sus
442 969 540 1051 fecit
573 995 642 1052 eos
684 969 977 1077 conprehendi,
1021 983 1062 1052 et
1101 971 1143 1052 in
1178 969 1322 1052 eculeo
1364 995 1588 1077 suspensos
1621 968 1746 1050 inter·

338 1091 416 1194 fici,
461 1091 662 1199 quosdam
706 1103 845 1175 autem
889 1093 1045 1176 effossis
1079 1092 1208 1176 oculis
1241 1091 1491 1174 tormentari.
1535 1090 1586 1172 Et
1617 1104 1745 1174 totam

338 1213 592 1319 Hungariam
625 1227 710 1296 tam
745 1215 903 1320 maguis
946 1214 1092 1296 afflixit
1134 1213 1344 1322 angustiis,
1379 1227 1425 1296 ut
1456 1213 1586 1320 magis
1620 1213 1746 1320 elige·

337 1349 429 1417 rent
475 1336 590 1434 mori,
643 1363 769 1444 quam
804 1337 859 1418 ita
898 1335 1184 1420 miserabiliter
1214 1335 1372 1420 uiuere.
1419 1335 1537 1416 Tunc
1585 1335 1745 1418 nobiles

337 1455 547 1564 Hungarie
597 1459 785 1541 uidentes
823 1459 933 1540 mala
974 1460 1107 1566 gentis
1140 1487 1226 1563 sue,
1260 1459 1302 1541 in
1335 1456 1506 1540 Chanad
1539 1457 1580 1539 in
1612 1485 1745 1540 unum

339 1593 625 1662 conuenerunt
673 1579 927 1689 consilioque
968 1581 1108 1665 habito
1150 1581 1282 1664 tocius
1320 1580 1530 1687 Hungarie
1571 1580 1748 1663 nuncios

337 1703 540 1785 miserunt
571 1703 823 1812 sollempnes
856 1703 896 1784 in
930 1702 1125 1788 Rosciam
1169 1704 1218 1786 ad
1262 1704 1471 1785 Andream
1511 1715 1552 1784 et
1584 1703 1748 1785 Leuen-

337 1838 433 1928 tam,
467 1825 652 1908 dicentes
684 1825 764 1908 eis:
799 1826 909 1934 quod
942 1839 1027 1908 tota
1059 1825 1270 1932 Hungaria
1296 1851 1372 1910 ‚eos
1400 1823 1749 1932 fideliterexpec·

337 1958 452 2051 taret,
487 1961 528 2029 et
559 1947 803 2030 uniuersum
837 1975 1012 2054 reguum
1046 1949 1116 2052 eis,
1149 1949 1257 2032 sicut
1289 1947 1414 2054 regali
1447 1946 1595 2031 semini
1611 1947 1749 2029 liben-

337 2082 400 2151 ter
431 2070 740 2177 obsequeretur,
774 2071 1062 2154 tantummodo
1095 2071 1174 2179 ipsi
1205 2070 1247 2153 in
1284 2069 1540 2176 Hungeriarn
1572 2068 1749 2152 desecu-

337 2191 493 2304 derent,
544 2205 584 2273 et
616 2217 743 2276 cosa
785 2194 920 2275 imore
969 2192 1272 2276 teutonicorum
1322 2191 1604 2274 defenderent.
1653 2190 1748 2274 Hoo

338 2314 463 2396 etiam
503 2313 561 2397 eis
602 2315 833 2398 iuramento
873 2314 1155 2419 firmauerunt,
1197 2313 1308 2423 quod
1342 2314 1480 2399 statim
1513 2326 1559 2396 ut
1591 2313 1669 2421 ipsi
1705 2313 1749 2396 iu

337 2433 559 2542 Vngan'am
593 2437 818 2540 introirent,
860 2464 1005 2522 omnes
1047 2437 1219 2545 hungari
1259 2437 1512 2520 unanimiter
1541 2436 1594 2518 ad
1633 2437 1750 2544 ipsos

339 2558 603 2663 confluerent,
638 2571 679 2640 et
712 2587 854 2642 eorum
882 2560 1209 2669 domini0(56)se
1235 2560 1473 2644 subderent.
1492 2557 1627 2639 Endre
1644 2585 1750 2640 uero

339 2692 380 2762 et
411 2681 596 2763 Leuente
643 2681 836 2764 timentes
878 2682 1066 2790 palliatas
1114 2682 1282 2766 insidias
1315 2681 1506 2764 clanculo
1543 2679 1751 2764 miserunt

337 2804 511 2887 nuncios
542 2803 585 2885 in
617 2804 872 2911 hungariam.
921 2803 1028 2888 Cum
1070 2818 1210 2888 autem
1250 2803 1462 2888 venissent
1494 2803 1544 2884 ad
1576 2801 1750 2885 Nouum

339 2938 534 3029 castrum,
568 2926 680 3034 quod
711 2955 786 3009 rex
818 2925 911 3010 Aba
945 2941 1243 3031 construxerat,
1279 2955 1376 3010 ecce
1408 2926 1605 3009 uniuersa
1637 2927 1752 3008 mul-

337 3047 469 3131 titudo
501 3049 782 3156 hungarorum
825 3050 1068 3134 cateruatim
1111 3049 1313 3133 confluxit
1349 3049 1401 3132 ad
1435 3048 1558 3157 ipsoS,
1600 3059 1643 3129 et
1683 3048 1752 3129 in·

336 3170 491 3254 stinctu
522 3171 738 3281 dyabolioo
770 3171 1010 3255 inflammati
1028 3170 1299 3281 peruicaciter
1314 3171 1522 3280 petierunt
1538 3169 1591 3252 ab
1608 3167 1753 3253 Endre

337 3307 380 3375 et
411 3294 607 3398 Leuente,
651 3294 763 3403 quod
807 3294 1094 3402 permitterent
1135 3295 1377 3377 uniuersum
1423 3292 1626 3402 populum
1664 3292 1752 3376 ritu

337 3441 592 3524 paganorum
626 3417 782 3518 uiuere,
816 3417 1033 3526 episcopos
1067 3431 1107 3499 et
1133 3417 1303 3498 clericos
1325 3415 1524 3516 occidere,
1543 3413 1751 3499 ecclesias

336 3538 559 3643 destruere,
593 3539 854 3622 christianam
888 3539 1013 3622 fidem
1046 3540 1220 3639 abicere,
1255 3554 1295 3618 ot
1328 3538 1449 3647 ydola
1482 3536 1630 3618 colere.
1647 3535 1752 3620 Per·

337 3660 622 3771 miseruntque
656 3688 725 3745 eos
758 3661 989 3745 secundum
1023 3661 1224 3745 desideria
1252 3660 1383 3743 cordis
1402 3687 1558 3761 eorum,
1575 3671 1622 3742 ut
1638 3660 1755 3742 irent

338 3796 379 3863 ct
409 3783 591 3889 perirent
632 3783 674 3865 in
715 3783 1087 3868 adiuuencionibus
1131 3783 1394 3892 antiquorum
1438 3795 1602 3891 patrum
1646 3809 1754 3866 suo·

336 3932 441 4002 rum,
477 3902 595 3987 aliter
627 3905 738 4001 enim
771 3931 852 3988 non
886 3908 1130 4015 pugnabant
1162 3920 1304 3988 contra
1321 3905 1485 3988 Petrum
1511 3929 1653 4010 regem
1670 3931 1754 4013 pro

337 4026 472 4108 Endre
506 4039 547 4110 et
578 4028 775 4110 Leuente.
823 4027 983 4112 Primus
1016 4041 1154 4112 autem
1200 4027 1305 4110 inter
1336 4028 1544 4134 hungaros
1573 4027 1756 4112 nomine

336 4137 485 4231 Vatha'
504 4149 555 4232 de
589 4163 722 4233 castro
755 4151 879 4234 Belus
913 4150 1121 4234 dedicauit
1153 4178 1196 4233 se
1215 4150 1417 4231 demoniis
1451 4149 1757 4259 radenscaput

336 4300 472 4374 suum,
505 4283 547 4354 et
579 4273 761 4355 cincinos
794 4271 1004 4356 dimittens
1037 4273 1114 4356 sihi
1148 4301 1221 4381 per
1253 4286 1334 4354 tres
1376 4283 1514 4381 partes
1555 4271 1636 4352 ritu
1669 4299 1755 4381 pa-

335 4421 549 4502 ganorum.
586 4394 714 4478 Cuius
756 4395 864 4477 filius
907 4396 1073 4478 nomine
1115 4394 1258 4498 danus,
1303 4395 1433 4477 multo
1476 4393 1755 4502 postmodum

335 4530 522 4625 tempore
555 4517 679 4600 ritum
712 4514 838 4627 patris
871 4517 1084 4625 sequendo
1126 4517 1391 4623 congregauit
1427 4516 1478 4598 ad
1512 4543 1555 4599 se
1587 4517 1757 4600 multos

334 4665 476 4746 magos
511 4653 552 4721 et
582 4639 844 4747 phitonissas,
880 4655 920 4721 et
951 4641 1175 4749 aruspices,
1219 4667 1293 4748 per
1334 4665 1511 4746 quorum
1555 4635 1757 4723 incanta·

336 4761 474 4844 oiones
502 4760 624 4845 ualde
657 4762 866 4868 graciosus
899 4777 984 4844 erat
1016 4761 1126 4870 apud
1161 4760 1362 4844 dominos.
1396 4759 1460 4842 De
1491 4758 1635 4845 multis
1668 4789 1756 4847 au·

335 4897 418 4965 tem
453 4883 610 4966 deabus
644 4885 728 4966 suis
760 4912 842 4966 nna
878 4884 1043 4968 nomine
1078 4883 1199 4965 Rasdi
1233 4893 1354 4992 capta
1388 4883 1467 4968 fuit
1498 4909 1523 4963 a
1554 4881 1756 4969 christia·

334 5006 503 5088 nissimo
536 5033 630 5113 rege
665 5007 773 5106 Bela,
811 5017 852 5088 et
882 5006 1042 5088 tamdiu
1074 5006 1115 5088 in
1150 5032 1311 5088 carcere
1345 5005 1422 5086 fuit
1463 5005 1636 5106 reclusa,
1672 5007 1758 5089 do-
