3898 5752
947 491 1012 583 aei

279 733 397 820 libro:
429 739 612 833 „detricos
641 734 713 812 sedi
742 758 823 810 suae
851 729 1029 808 colocensi
1057 733 1234 805 servatus“
1267 727 1446 824 inscripto,
1476 724 1602 826 pagina
1621 733 1684 807 5·a

278 868 417 955 fecerat,
447 863 537 936 inter
565 864 664 935 notas
692 857 858 950 temporis
886 879 952 930 noo
982 854 1198 943 adduximus,
1227 852 1306 945 quia
1328 859 1567 947 argumentum
1586 877 1683 947 prae-

278 991 358 1062 bere
387 985 565 1059 ridebatur
593 983 769 1076 pertenue,
799 976 997 1068 minimique
1025 977 1066 1049 ad
1103 973 1329 1049 definiendam
1367 979 1514 1050 aetatem
1550 978 1682 1070 Legen-

277 1111 339 1185 dae
368 1104 540 1182 momenti.

433 1248 557 1320 Lenem
586 1264 662 1316 esse
688 1240 775 1313 hano
804 1237 955 1314 censoris
984 1238 1024 1310 de
1053 1241 1164 1311 aetate
1202 1237 1331 1330 prime-e
1367 1237 1529 1312 editionis
1563 1240 1680 1314 Horti·

275 1369 429 1444 vicianae
456 1367 684 1442 coniecturam
718 1359 996 1450 demonstraturi,
1027 1355 1247 1433 observamus
1275 1361 1379 1433 verte
1405 1360 1586 1454 Legendae
1606 1383 1680 1434 cnm

275 1513 381 1585 supra
407 1489 556 1564 laudatis
584 1483 778 1560 innocentii
807 1505 875 1555 non
903 1481 1041 1556 omnino
1071 1481 1273 1556 conuenire:
1307 1481 1561 1576 „Dispositioni
1590 1483 1679 1557 eins·

274 1614 350 1687 dem
378 1611 539 1686 ecclesias
567 1607 657 1683 Dei
686 1607 822 1680 simul
850 1627 942 1678 cerm
970 1603 1160 1697 populis
1188 1609 1332 1696 utroque
1360 1603 1433 1677 inre
1461 1605 1678 1678 ordinen-

273 1733 344 1807 dis
373 1733 633 1826 relinquimus.⁴‘
666 1729 804 1804 Verba:
837 1729 1005 1821 „utroque
1033 1725 1129 1798 inre“
1162 1749 1230 1800 non
1264 1729 1403 1800 exstant
1437 1726 1472 1799 in
1506 1727 1678 1802 codicibus

272 1853 517 1929 Lurraelacensi
547 1858 580 1926 et
608 1848 855 1944 Tegernsensi;
904 1841 1146 1936 „ordinandis‘
1191 1869 1271 1921 uero
1313 1871 1381 1922 non
1419 1849 1459 1922 ad
1503 1851 1676 1944 ecclesias,

272 1977 332 2050 sed
360 1977 402 2049 ad
431 1976 576 2070 populos
605 1973 763 2046 refertur.
792 1970 967 2044 Runensis
996 1974 1107 2043 tanuen
1137 1973 1171 2042 et
1199 1969 1434 2044 cracoviensis
1463 1971 1568 2047 editio
1601 1997 1677 2066 „or-

271 2100 458 2174 dinendes“
490 2099 626 2171 hubent.
654 2095 703 2167 Ut
730 2099 843 2167 antem
871 2091 1079 2185 comparatio
1107 2090 1242 2185 plenior
1278 2093 1353 2166 iieri
1390 2094 1514 2186 possit,
1551 2101 1670 2170 contn-

271 2221 374 2298 limus
403 2219 585 2316 epistolam
612 2217 715 2291 etiam
744 2215 911 2289 Silvestre
953 2215 1165 2304 attributam,
1210 2214 1266 2306 qui
1309 2215 1426 2289 eodem
1463 2238 1529 2309 quo
1566 2219 1670 2292 Inno-

272 2344 404 2418 centius
443 2343 546 2415 uerbo
594 2339 816 2432 „disponere“
863 2337 982 2427 utitur,
1025 2335 1252 2430 ecclesiasque
1295 2337 1428 2430 regni
1472 2361 1539 2412 non
1579 2339 1670 2414 Dei

271 2465 447 2540 nominat:
494 2463 705 2550 „Secundum
744 2460 832 2552 quod
870 2459 984 2532 divina
1019 2459 1131 2552 gratia
1168 2463 1201 2530 te
1243 2463 1277 2532 et
1318 2459 1398 2534 illos
1439 2459 1670 2560 (successores

271 2589 364 2678 tuos)
393 2584 545 2660 docuerit
573 2582 789 2657 eeclesias
817 2581 914 2675 regni
943 2581 993 2654 tui
1021 2583 1220 2676 praesentes
1249 2586 1283 2654 et
1310 2583 1455 2674 futuras,
1486 2589 1603 2657 nostre
1635 2589 1670 2658 et

270 2729 484 2783 sucessomm
512 2709 707 2778 nostrorum
735 2702 806 2777 rice
835 2703 1085 2796 disponere
1113 2727 1151 2777 ac
1179 2703 1337 2778 ordinare
1365 2706 1555 2798 apostolica
1591 2729 1668 2781 aue·

270 2829 410 2903 toritate
438 2825 598 2901 similiter
626 2825 889 2900 concessimus.“
921 2827 1022 2900 Font.
1053 2826 1082 2899 Ι.
1113 2829 1173 2899 98.

425 2966 493 3043 Sed
522 2965 681 3060 qnoniam
709 2965 749 3038 de
778 2965 844 3038 fide
872 2964 972 3038 huius
1002 2965 1167 3058 epistolae
1194 2966 1383 3057 dubitatur,
1426 2967 1565 3042 missam
1595 2992 1667 3042 eam

267 3087 421 3185 iacimus
456 3110 601 3181 neroque
638 3087 749 3162 simile
782 3110 857 3162 esse
885 3109 1063 3161 censemus
1099 3088 1279 3161 articulum
1307 3089 1434 3162 decreti
1463 3113 1568 3183 snpra
1594 3093 1666 3164 lau·

265 3210 337 3285 deti
366 3235 431 3285 non
460 3211 502 3283 ad
535 3209 776 3302 interpolatam
813 3209 899 3283 hane
940 3211 1131 3304 legendam,
1173 3233 1290 3284 rerum
1325 3213 1367 3284 ad
1409 3211 1511 3286 alium
1551 3213 1666 3306 potins

265 3331 375 3408 sancti
404 3333 494 3426 regis
523 3331 627 3406 vitam
656 3335 830 3425 spectare;
872 3332 929 3405 uni
965 3335 1079 3408 seculo
1114 3335 1223 3408 adhue
1253 3339 1339 3410 lto
1368 3341 1528 3414 exstabat
1555 3361 1666 3414 annus

265 3457 352 3545 969,
383 3477 447 3548 quo
478 3455 672 3547 Stephanus
701 3457 802 3526 natus
831 3451 1088 3552 credebaturss);
1131 3457 1219 3529 unrde
1252 3463 1398 3532 exeunte
1434 3463 1548 3535 seculo
1580 3465 1665 3537 15=o

265 3576 450 3670 exscripsit
477 3578 669 3662 Pelbartus
701 3597 785 3668 quae
814 3577 854 3649 de
883 3575 1004 3650 comite
1040 3578 1192 3670 palatino
1230 3585 1372 3673 propter
1410 3581 1577 3656 iniustnm
1613 3585 1664 3658 iu·

263 3698 389 3773 dicium
416 3697 589 3772 excoriato
618 3740 667 3750 -
696 3701 730 3770 et
758 3697 829 3772 filio
868 3698 960 3792 regis
998 3701 1123 3773 Ottone
1160 3705 1239 3774 ante
1277 3703 1467 3778 dmcricum
1505 3707 1664 3780 defuncto

263 3824 404 3908 narrat;
447 3819 504 3893 ubi
533 3819 677 3912 denique
706 3819 944 3893 continebatur
970 3820 1116 3896 historia
1144 3823 1184 3895 de
1225 3829 1365 3918 aegroto
1407 3849 1468 3920 per
1509 3833 1665 3902 sanctum

263 3963 378 4036 regem
405 3939 531 4014 iniecta
559 3946 664 4031 ueste,
695 3963 861 4034 manuque
889 3941 1051 4036 imposita
1070 3949 1198 4038 cerreto,
1220 3969 1320 4040 queam
1339 3972 1427 4022 nunc
1447 3951 1541 4024 solus
1560 3953 1663 4026 habet

261 4063 367 4138 codex
394 4061 667 4137 Wersau'iensis,

415 4202 511 4276 Nihil
539 4206 629 4276 certe
658 4225 720 4276 nos
748 4203 840 4296 cogit
868 4205 1073 4279 sententiam
1113 4208 1306 4282 innocentii
1347 4211 1389 4284 ad
1432 4213 1662 4288 narrationem

260 4324 415 4399 Hartrici
458 4325 499 4397 de
541 4324 711 4417 legatione
762 4349 900 4400 romane
941 4329 1089 4420 referre,
1142 4353 1217 4404 curn
1265 4333 1467 4424 praesertim
1507 4335 1664 4428 pontifici

260 4445 457 4521 tribuantur
483 4447 539 4521 hic
567 4450 681 4536 uerba,
712 4471 795 4542 quae
824 4455 943 4542 postea
974 4474 1036 4543 per
1068 4451 1170 4525 alium
1211 4453 1407 4547 pontificem
1448 4463 1661 4532 revocentur.

260 4569 307 4642 m
334 4571 613 4662 quemadmodum
641 4570 676 4642 in
706 4570 840 4646 decreto
869 4573 1017 4663 laudato,
1048 4575 1089 4646 de
1117 4579 1288 4668 potestate
1308 4578 1417 4650 soleam
1437 4579 1530 4673 regis
1551 4605 1662 4656 sermo

260 4739 417 4752 ——

363 4807 394 4892 ⁴)
418 4807 542 4895 Geycha
566 4849 605 4859 -
630 4830 710 4876 anno
743 4813 916 4880 dominicae
947 4816 1170 4881 incarnationis
1202 4820 1435 4902 nongentesimo
1469 4821 1661 4905 sexagesimo

260 4931 341 4978 nono
364 4914 723 4996 quemadmodum
754 4917 795 4982 in
818 4919 1012 5002 Legenda
1041 4921 1163 4986 beati
1191 4919 1405 5006 Stephani
1441 4927 1659 5010 scripturn

260 5020 323 5104 est,
346 5019 457 5103 gennit
478 5017 510 5087 S.
533 5017 724 5106 Stephanum
750 5042 855 5106 regem
878 5043 914 5090 en
937 5023 1059 5091 Saroitn
1084 5025 1150 5090 iiiia
1171 5025 1306 5112 Gyuta.“
1334 5027 1407 5098 (ihr.
1426 5030 1461 5096 P.
1480 5029 1520 5098 V.
1543 5053 1577 5117 p.
1602 5033 1657 5098 38.
