4024 5776
895 505 1049 606 Lu.-

266 723 308 792 ut
334 719 494 814 pleraque
522 725 640 794 nostra
667 720 826 794 chronica
853 723 979 810 uetera,
1009 719 1263 794 inscribendum
1290 717 1421 805 fuisse;
1451 721 1489 790 ut
1516 719 1673 810 praeter·

269 841 448 916 mittamus
476 844 540 917 hoc
568 845 652 932 loce,
683 844 772 937 quod
800 843 891 916 iufra
917 843 1130 930 ostendetur,
1167 840 1226 914 scd
1261 838 1493 934 Tengnagelio
1538 837 1672 913 innote-

207 1059 212 1068 .
267 987 363 1038 scere
390 965 540 1038 norrdum
567 965 691 1059 potuit,
721 964 830 1059 ipsius
859 966 960 1040 hocce
988 963 1200 1057 opusculum,
1229 963 1292 1038 sub
1326 961 1453 1035 titulo:
1494 959 1591 1036 Libri
1630 961 1671 1034 de

265 1084 377 1180 gestis
404 1087 646 1182 hungarorum,
676 1109 757 1162 aeuo
789 1087 857 1161 iam
884 1087 987 1160 Belae
1015 1085 1095 1159 Ill-i
1123 1084 1234 1175 citari,
1271 1082 1424 1158 Titulum
1457 1105 1477 1156 a
1513 1083 1670 1176 Tengna-

266 1205 358 1301 gelio
387 1207 616 1302 excogitatum
646 1209 908 1284 Serraudtnerus
936 1206 1108 1301 praefixit,
1138 1229 1204 1300 quo
1233 1209 1415 1299 expuncto,
1451 1226 1513 1279 uos
1549 1203 1670 1300 genui·

267 1351 372 1402 uum:
400 1327 498 1404 Libri
526 1331 566 1403 de
594 1330 703 1424 gestis
731 1331 961 1426 hungarorum
994 1372 1037 1384 -
1068 1331 1191 1402 lanima
1219 1327 1444 1422 reposuimus,

422 1451 587 1544 Reliquae
615 1451 742 1526 codicis
769 1453 914 1548 paginae
942 1451 1129 1526 subtilibus
1156 1450 1259 1525 lineis
1287 1451 1329 1523 ad
1357 1448 1519 1524 amussim
1555 1449 1668 1523 duobis

264 1572 405 1666 paribus
434 1573 625 1648 interuallis
654 1573 828 1663 diremtae,
871 1597 1001 1663 uersus,
1044 1573 1162 1667 paucis
1204 1572 1350 1666 paginis,
1393 1593 1479 1665 quae
1521 1569 1667 1667 triginta

265 1701 336 1768 tres
363 1699 421 1768 aut
449 1694 598 1789 quinque
626 1695 802 1770 continent
830 1697 996 1791 exceptis,
1026 1697 1169 1791 triginta
1206 1699 1352 1788 quatuor
1389 1693 1563 1769 exhibent.
1602 1693 1665 1767 Ul·

264 1815 347 1890 tima
375 1817 519 1911 dariique
548 1817 673 1913 pagina
699 1819 774 1912 (fol.
805 1819 908 1913 24-0)
937 1823 1014 1892 utut
1042 1823 1114 1894 tota
1141 1817 1244 1894 lincis
1273 1818 1419 1912 signata,
1449 1814 1498 1888 nil
1526 1818 1665 1908 praeter

263 1938 413 2032 quinque
458 1963 578 2014 uersus
624 1945 782 2015 exaratos
824 1942 987 2033 continet,
1032 1941 1066 2015 in
1100 1941 1222 2035 quibus
1262 1939 1424 2013 librarius
1464 1937 1665 2029 opuseulum

260 2060 315 2134 uel
351 2061 512 2153 absoluit,
557 2065 608 2136 rel
646 2069 684 2136 ut
721 2064 800 2138 aliis
837 2067 960 2158 placet,
1003 2066 1038 2139 in
1074 2063 1261 2157 scriptione
1290 2059 1428 2135 norrrnisi
1456 2057 1663 2154 conquieuit.

259 2182 436 2258 Diremtus
464 2189 516 2258 est
543 2191 721 2278 praeterea
750 2192 866 2262 textus
895 2188 929 2261 in
959 2187 1083 2281 capita,
1123 2184 1270 2280 singulis
1298 2182 1469 2276 capitibus
1505 2181 1661 2276 praefixo

258 2301 351 2377 inter
378 2304 488 2380 lineas
515 2309 683 2398 lemmate,
713 2308 818 2383 minio
847 2313 1001 2401 exarato,
1040 2309 1153 2402 spatio
1182 2306 1235 2381 cui
1261 2329 1299 2380 ea
1327 2329 1346 2379 a
1374 2304 1596 2395 rubricatum,
1625 2304 1662 2378 in

258 2431 378 2500 nostro
407 2450 551 2523 quoque,
581 2431 611 2506 si
640 2436 731 2506 recte
758 2431 918 2521 virbonus,
948 2454 968 2506 a
995 2431 1137 2507 librario
1166 2430 1314 2520 diverso,
1347 2450 1516 2502 unacum
1544 2425 1660 2501 initia-

256 2547 350 2622 libus
377 2548 507 2625 litteris
535 2552 813 2648 adpingcreutur,
844 2577 948 2628 uacuo
977 2555 1107 2628 relicto.
1148 2551 1219 2647 Quo
1259 2556 1370 2624 tamen
1408 2550 1499 2624 haud
1526 2571 1662 2642 semper

255 2670 460 2763 sufficiente,
490 2675 669 2768 quaepiam
696 2677 738 2750 ad
767 2676 954 2771 marginem
983 2676 1188 2751 retundenda
1216 2676 1325 2747 erant.
1363 2671 1506 2746 Numeri
1535 2671 1659 2746 sectio·

254 2791 358 2866 nibus
395 2794 472 2868 istis
500 2799 541 2872 ab
571 2798 688 2872 codem
715 2799 947 2894 Tangnagclio
976 2796 1137 2892 adpositi,
1176 2821 1195 2870 a
1234 2795 1499 2870 Schuaudtnero
1537 2797 1589 2888 (et
1616 2796 1658 2868 ab

252 2913 332 3008 ipso
361 2917 579 3013 lludliehero)
608 2919 643 2993 in
672 2924 804 2996 textum
832 2921 920 2996 illati
949 2927 1041 2997 sunt.

410 3040 668 3117 Editiones.
701 3043 957 3118 Schuandtneri
989 3044 1193 3116 1746-48
1223 3039 1333 3112 tribus
1361 3037 1592 3112 voluminibus
1622 3037 1658 3112 in

249 3156 350 3231 lelio.
378 3159 503 3236 Turnus
531 3163 661 3258 primus
691 3187 832 3259 maguae
860 3165 961 3239 huius
999 3163 1211 3240 collectionis
1247 3159 1434 3235 historicae
1468 3159 1658 3255 Tprnaviae

254 3283 359 3353 1765
388 3283 499 3358 tribus
527 3286 758 3362 uoluminibus
786 3287 820 3360 in
852 3290 923 3379 8·o,
954 3297 988 3361 et
1015 3290 1056 3362 ab
1085 3310 1173 3361 annuo
1205 3280 1658 3360 lice-681terumvin-

249 3403 408 3479 dobonae
435 3407 470 3480 iu
499 3409 561 3482 4·o
590 3431 741 3500 recusus,
771 3409 901 3502 primae
930 3409 1091 3485 editionis
1120 3410 1263 3497 textum,
1294 3405 1391 3480 novis
1413 3403 1585 3479 erroribus
1605 3407 1657 3499 tp·

247 3526 471 3618 pographiois
500 3529 726 3604 deformatum
754 3531 904 3605 exhibet.
940 3533 1011 3606 Nec
1049 3531 1170 3605 melius
1198 3530 1233 3602 in
1276 3527 1486 3603 Calendariis
1527 3527 1656 3622 Tprna·

245 3645 426 3724 iriensibus
454 3651 534 3725 arciri
564 3655 768 3727 1765-66
798 3653 969 3748 repetitus
995 3659 1058 3728 est.
1080 3653 1190 3727 Unica
1210 3651 1281 3725 rice
1300 3647 1510 3746 dnonpmuS,
1531 3647 1656 3743 dignus

246 3769 381 3863 utique,
410 3771 467 3865 qui
496 3774 643 3847 maxima
671 3797 745 3849 curn
773 3775 945 3851 industria
973 3800 992 3850 a
1022 3776 1151 3851 nostris
1180 3775 1347 3860 ederetur,
1379 3773 1475 3846 etin
1504 3772 1655 3846 omnium

244 3892 408 3968 inanibus
436 3895 494 3978 sit,
533 3895 714 3971 seiunctim
751 3921 770 3971 a
804 3898 946 3993 reliquis
981 3897 1147 3972 historiae
1182 3895 1313 3990 patriae
1349 3895 1504 3970 fontibus
1544 3895 1655 3968 lucem

244 4015 337 4089 vidit
365 4015 544 4092 Cassoviae
573 4019 665 4114 typis
693 4020 828 4115 collegii
863 4020 1044 4096 acardemici
1083 4019 1257 4094 societatis
1295 4021 1379 4094 lesu
1412 4039 1500 4091 curro
1538 4019 1651 4109 1772,

246 4139 327 4212 120
353 4138 488 4234 paginis
517 4139 552 4214 iu
583 4144 668 4216 123
697 4142 843 4217 editus.“

404 4261 469 4336 His
491 4261 699 4340 editionibus
728 4265 988 4339 adnumeremus
1018 4266 1101 4338 duris
1131 4263 1240 4357 ipsius
1269 4262 1477 4336 Eudlichcri.
1520 4261 1652 4336 Prioris

242 4379 394 4454 titulus:
435 4382 605 4479 Arloupmi
639 4387 742 4461 Belae
779 4389 871 4481 regis
909 4387 1034 4462 notarii
1073 4388 1113 4461 de
1147 4387 1257 4481 gestis
1292 4388 1524 4480 hungarorum
1551 4384 1650 4460 liber.

242 4503 395 4576 Textum
423 4506 464 4578 ad
494 4507 593 4580 sedern
622 4508 748 4584 codicis
776 4511 1025 4586 membranacei
1055 4509 1331 4585 vindobonensis
1360 4510 1541 4598 recensuit,
1573 4531 1652 4603 pre·

241 4627 422 4718 legemeua
450 4632 484 4702 et
513 4629 643 4705 indices
672 4632 803 4706 addidit
833 4635 1028 4726 Stephanus
1057 4632 1237 4706 ladislaus
1265 4631 1449 4705 llndlicher
1476 4634 1651 4726 hungarus

240 4748 480 4824 Posoniensis.
509 4751 661 4827 Viennae
689 4754 781 4848 typis
810 4763 843 4828 et
871 4756 1040 4830 sumtibus
1070 4755 1182 4830 Caroli
1211 4755 1347 4831 Gerold.
1385 4757 1496 4828 1827.
1527 4757 1650 4828 Forma

244 4871 335 4944 121
362 4873 504 4967 paginas
532 4877 634 4949 habet
663 4876 750 4950 272.
780 4879 957 4954 Posterior
981 4877 1091 4971 primo
1119 4877 1208 4951 inter
1223 4887 1440 4952 meritamente
1455 4877 1652 4972 hrpadiann

240 4993 320 5068 loeo
355 4996 470 5088 posita
504 5003 556 5070 est
592 4999 626 5072 in
665 4999 753 5075 libro
792 4999 845 5074 eui
881 5001 1023 5074 titulus:
1061 5003 1187 5074 Rerum
1224 4999 1488 5094 hungaricarum
1532 5023 1650 5075 mouu-

239 5124 359 5192 menta
402 5117 610 5214 Arpadiaua.
652 5121 770 5196 Edidit
812 5123 1006 5216 Stephanus
1040 5123 1221 5198 ladislaus
1256 5122 1452 5198 hludlieher.
1482 5123 1650 5220 Sangalli.
