3900 5762
1519 6 1590 9 ÷÷÷÷÷
1619 6 1944 334 *o

1897 1221 1904 1234 .

1018 455 1060 555 ‘sa

341 703 599 812 pertransire,
627 730 708 784 non
742 715 902 811 poterat
934 718 1102 812 propter
1132 730 1274 811 aquas.
1323 699 1508 809 Hungari
1552 729 1646 808 ergo
1679 697 1751 810 qui

342 839 457 907 erant
484 853 580 907 oum
614 824 762 908 Cesare
796 839 836 907 et
868 826 985 908 Petro
1013 855 1108 933 rege
1154 828 1365 908 duxerunt
1397 824 1559 907 Cesaris
1592 825 1752 905 exerci-

341 963 428 1030 tuin
463 975 627 1031 sursum
675 947 793 1030 iuxta
839 947 1012 1029 llnniurn
1062 949 1241 1052 ltebche,
1291 961 1332 1028 et
1372 961 1549 1054 utraque
1581 945 1754 1028 flumina

341 1084 427 1152 tota
458 1084 579 1150 nocte
612 1069 836 1177 equitando
870 1083 956 1150 orto
988 1072 1075 1153 sole
1107 1071 1217 1152 facili
1249 1069 1355 1151 vado
1391 1069 1652 1152 transierunt.
1671 1067 1751 1150 Oc·

328 1193 467 1274 currit
498 1206 637 1275 autern
673 1193 708 1273 ei
742 1220 815 1273 rex
851 1193 943 1274 Aba
975 1193 1015 1274 in
1049 1193 1219 1274 Menfen
1251 1220 1347 1275 cum
1389 1192 1654 1273 multitudine
1687 1217 1752 1272 ar·

342 1329 560 1415 matorum,
594 1314 716 1396 nimis
749 1341 993 1422 presumens
1026 1317 1077 1396 de
1111 1314 1291 1416 victoria,
1342 1314 1439 1422 quia
1462 1314 1628 1409 ,Bauari
1661 1313 1754 1420 qni·

342 1437 437 1518 dam
472 1437 766 1518 nuntiauerant
798 1437 836 1517 ei
871 1435 1063 1520 Cesarenr
1097 1466 1192 1519 cum
1227 1437 1371 1545 paucis
1403 1437 1605 1519 introisse.
1637 1434 1689 1516 Et
1707 1449 1754 1540 ut

342 1559 490 1641 dicitur
523 1561 616 1641 Aba
662 1586 736 1638 rex
787 1559 1002 1640 victoriam
1051 1560 1275 1662 habuisset,
1326 1559 1403 1641 nisi
1437 1559 1536 1664 qnia
1565 1557 1754 1664 Hungari

343 1681 509 1788 qnidam
544 1680 767 1762 amicitiam
800 1681 918 1763 Petro
950 1696 1222 1784 reseruantes‚
1257 1709 1382 1789 super
1414 1694 1565 1762 terram
1587 1707 1753 1762 suare-

340 1803 442 1884 xilla
473 1803 742 1912 proiecissent
775 1815 816 1884 et
842 1805 1054 1909 fugissent.
1099 1804 1329 1886 Commisso
1362 1802 1485 1909 igitur
1517 1803 1646 1911 prelio
1679 1803 1753 1886 diu

342 1939 383 2007 et
414 1927 571 2027 acriter,
604 1926 770 2006 tandem
821 1924 945 2007 Cesar
992 1927 1133 2008 diuino
1175 1927 1303 2008 fretus
1336 1925 1588 2008 adminiculo
1620 1925 1752 2006 victo·

341 2048 444 2129 riam
475 2062 537 2131 est
568 2049 757 2157 adeptus.
790 2049 884 2130 Aba
916 2076 1013 2131 vero
1047 2077 1120 2130 rex
1154 2049 1274 2153 lugiit
1305 2075 1449 2130 versus
1481 2047 1619 2128 Tizam
1651 2049 1751 2129 etin

340 2171 438 2251 villa
470 2171 650 2278 quadarn
685 2170 725 2250 in
758 2172 903 2252 scrobe
937 2170 1063 2252 veteri
1097 2172 1150 2254 ab
1179 2170 1385 2276 Hungaris
1403 2171 1555 2278 quibus
1572 2197 1751 2278 regnans

340 2310 538 2375 nocuerat
569 2292 789 2399 iugulatur,
825 2307 865 2372 et
893 2293 1012 2376 iuxta
1044 2294 1269 2402 qnamdam
1289 2293 1506 2376 ecclesian]
1540 2293 1753 2401 sepelitur.

339 2415 435 2498 Post
466 2415 625 2522 aliquot
656 2429 795 2496 antem
831 2441 972 2519 annos,
1007 2445 1102 2498 cum
1137 2429 1245 2498 esset
1278 2415 1474 2498 cll'ossum
1495 2440 1644 2524 corpus
1662 2415 1754 2498 eius

339 2536 391 2617 de
424 2537 626 2646 sepulcm,
660 2537 873 2620 sudarium
907 2565 956 2619 ac
988 2539 1117 2646 ipsius
1150 2537 1399 2620 vestimenta
1423 2538 1673 2619 inuenerunt
1689 2537 1754 2618 in·

340 2673 541 2767 corrupta,
577 2673 617 2740 et
649 2659 740 2740 loca
771 2660 991 2742 vulnerum
1024 2673 1225 2763 resanata,
1274 2660 1613 2768 sepelieruntque
1659 2673 1754 2741 tnn-

339 2781 435 2862 dem
468 2808 617 2889 corpus
651 2781 739 2864 eius
772 2781 813 2861 in
846 2781 1010 2892 proprio
1043 2782 1386 2866 monasterioEx
1406 2781 1642 2864 Teutonicis
1664 2796 1754 2864 ete·

339 2902 426 2984 nim
460 2903 502 2984 in
535 2905 603 2984 illo
635 2903 765 3011 prelio
799 2904 887 2986 sine
920 2932 1095 2987 numero
1129 2905 1380 2987 ceciderunt.
1416 2903 1537 2985 Vnde
1563 2905 1673 2986 idem
1691 2905 1754 2985 lo·

340 3055 413 3110 cus
444 3025 518 3108 ubi
549 3027 724 3134 prelium
759 3039 822 3108 est
853 3028 1123 3110 commissum
1157 3026 1755 3134 eornmlinguausquehodie

340 3148 505 3231 Florum
553 3149 673 3256 paim·
719 3161 781 3229 est
827 3163 1010 3253 vocatus,
1045 3163 1085 3232 et
1118 3148 1368 3232 Weanemut
1409 3161 1549 3232 nostra
1597 3149 1754 3255 lingua.

901 3375 1078 3458 CAPUT
1118 3377 1188 3457 Ill.

497 3512 566 3599 27.
604 3515 729 3598 Cesar
760 3543 857 3598 vero
901 3518 1072 3597 obtenta
1121 3516 1290 3597 victoria
1337 3515 1550 3597 descendit
1599 3516 1754 3598 Albam

341 3639 564 3742 ciuitatem,
582 3637 655 3720 nbi
687 3638 804 3720 Petro
838 3638 1014 3720 restituit
1046 3665 1232 3745 regnum,
1267 3654 1307 3718 et
1324 3639 1383 3721 sic
1415 3639 1584 3720 tandem
1612 3665 1753 3719 rener-

340 3791 410 3846 sus
443 3775 505 3844 est
536 3759 815 3868 Ratisponam.
851 3761 961 3866 Rege
995 3789 1089 3866 ergo
1122 3761 1241 3842 Petro
1276 3776 1316 3841 et
1336 3759 1542 3865 Hungaris
1561 3760 1633 3868 qni
1650 3787 1753 3841 enm

339 3884 380 3966 in
415 3911 587 3990 regnum
635 3883 888 3964 reduxerant
935 3883 1041 3964 vires
1091 3895 1131 3963 et
1163 3884 1391 3990 potentiam
1423 3882 1746 3982 resumentibus

340 4024 541 4116 ceperunt
589 4031 678 4086 esse
727 4005 963 4086 insolentes.
1023 4003 1113 4099 Qua
1146 4006 1197 4084 de
1232 4031 1356 4086 cansa
1389 4031 1533 4087 omnes
1566 4004 1753 4110 Hungari

339 4129 511 4212 sollicite
544 4127 833 4230 intendebant,
853 4127 1029 4234 qualiter·
1046 4141 1184 4208 amoto
1216 4127 1335 4208 Petro
1367 4127 1472 4210 filios
1503 4127 1579 4209 Zar
1609 4126 1754 4210 Ladis-

338 4251 394 4334 lai
425 4252 622 4332 reducere
655 4249 898 4357 potuissent.
933 4247 1043 4331 Dnnr
1076 4261 1215 4331 autem
1250 4249 1327 4330 ista
1359 4249 1415 4331 ita
1461 4248 1619 4350 fierent,
1664 4249 1753 4329 An-

341 4375 458 4455 dreas
491 4373 590 4454 Bela
608 4384 648 4452 et
665 4372 857 4453 Lennnta
872 4367 899 4478 ¹)
934 4372 985 4451 dc
1019 4371 1188 4452 B0ernia
1220 4372 1260 4452 in
1294 4371 1506 4453 Poloniam
1531 4385 1749 4454 transeun-

342 4510 403 4577 tes
436 4521 459 4576 a
491 4493 620 4578 llisca
667 4493 914 4575 Polonornnr
962 4494 1068 4574 (lnce
1116 4492 1386 4576 amicabiliter
1433 4507 1530 4576 sunt
1562 4493 1750 4600 recepti;

341 4618 412 4700 ubi
448 4617 545 4698 llela
577 4615 816 4696 Pomeranie
849 4617 998 4697 ducem
1032 4613 1171 4697 duello
1215 4615 1452 4719 deuincens,
1499 4615 1583 4696 filia.
1618 4613 1753 4697 Miske

342 4739 419 4820 sibi
452 4739 571 4820 datur
604 4738 643 4817 in
677 4764 864 4819 uxorem.
898 4735 1018 4833 Quod
1053 4737 1238 4820 Andreas
1272 4751 1312 4819 et
1344 4738 1536 4820 Lewenta
1569 4765 1662 4844 egre
1688 4737 1752 4818 fe-

451 4997 475 5096 Ι)
504 4999 636 5070 Inrenta
678 4999 888 5070 constanter.
