4024 5776
953 453 991 517 sd

270 669 460 750 fluebant
476 671 527 750 ad
547 698 640 752 euru
675 697 727 751 ex
761 669 932 751 diuersis
963 669 1213 752 nationibus
1239 668 1345 752 Narn
1363 671 1414 752 de
1431 683 1539 751 terra
1568 674 1573 778 J
1602 671 1680 754 bu·

271 792 337 872 lar
368 805 573 873 uenerunt
606 792 771 898 quidanr
806 791 1049 873 nobilissimi
1081 792 1246 896 dornini,
1267 821 1362 874 cunr
1396 820 1546 899 inagna
1571 794 1679 875 rnul-

270 915 450 996 titudine
484 909 856 1024 hisinnhelitarurn,
891 940 1065 1020 quorunr
1100 915 1269 996 nomina
1301 916 1470 996 fuerunt
1500 915 1606 996 Billa
1638 929 1680 997 et

271 1037 422 1119 Bocsu.
455 1036 614 1132 Quibus
648 1036 733 1119 dux
766 1063 840 1143 per
871 1036 1034 1121 diuersa
1063 1035 1068 1146 Ι
1097 1037 1187 1117 locu
1206 1036 1494 1142 Hnngarorurn
1525 1038 1678 1118 condo·

269 1160 390 1240 nauit
421 1173 559 1260 terras,
594 1171 634 1239 et
665 1159 835 1266 insuper
866 1171 1042 1241 castrum
1063 1159 1174 1266 quod
1207 1159 1355 1241 dicitnr
1371 1173 1464 1266 pest
1492 1161 1497 1266 Ι
1525 1160 1568 1240 in
1585 1187 1679 1268 per-

269 1295 447 1388 petuum
482 1282 694 1362 concessit.
727 1280 844 1389 Bylla
876 1307 974 1362 uero
1008 1296 1049 1362 et
1080 1283 1204 1361 trater
1236 1282 1324 1362 eius
1357 1282 1546 1384 Roseus
1575 1307 1677 1390 quo-

271 1433 367 1486 rurn
400 1403 594 1511 progenie
644 1403 764 1510 ethey
794 1405 800 1507 1
829 1402 1052 1506 deseendit,
1102 1403 1201 1484 inito
1235 1404 1404 1486 consilio
1437 1405 1488 1484 de
1521 1405 1738 1512 populo25

268 1553 348 1608 suo
382 1553 523 1608 secum
558 1525 682 1606 ducto
715 1526 817 1606 duas
849 1537 986 1631 partes
1004 1526 1054 1606 ad
1072 1525 1293 1606 senrieiurn
1324 1524 1329 1636 l
1357 1526 1529 1632 predicti
1557 1527 1678 1608 castri

271 1661 580 1730 concesserunt.
628 1647 812 1728 Tereiarn
854 1673 952 1728 uero
984 1661 1141 1755 partein
1177 1648 1262 1730 suis
1294 1647 1468 1755 posteris
1501 1641 1676 1762 dimise:-

270 1783 382 1853 runt.
414 1770 465 1851 Et
499 1769 644 1850 eodern
677 1782 863 1875 ternpore
897 1769 947 1849 de
981 1770 1126 1849 eadent
1159 1770 1324 1874 regione
1357 1769 1474 1851 uenit
1506 1771 1676 1877 quidam

270 1892 563 1996 nobilissimus
603 1892 720 1972 ruiles
768 1891 934 1972 nornine
982 1891 1129 1993 Heten,
1164 1893 1228 1972 eui
1263 1893 1394 1972 eritun
1427 1892 1516 1973 dux
1547 1907 1675 1974 terras

272 2027 315 2095 et
347 2015 447 2096 alias
479 2015 758 2122 possessiones
791 2038 871 2093 non
903 2014 908 2119 t
936 2014 1119 2094 modicas
1152 2014 1414 2095 rorrdouauit.
1448 2012 1546 2096 Dux
1575 2040 1675 2096 uero

271 2137 453 2218 thorsun
501 2137 643 2242 genuit
688 2135 818 2216 filiurn
866 2135 1033 2216 nornine
1065 2163 1234 2244 geysnrn
1264 2133 1268 2244 i
1299 2137 1489 2242 quinturn
1524 2137 1673 2218 ducem
1687 2145 1736 2218 30

273 2258 500 2365 hungarie3
548 2274 589 2338 et
636 2259 677 2337 in
720 2257 866 2337 eodem
908 2270 1094 2365 tempore
1137 2258 1188 2338 de
1222 2274 1329 2338 terra
1361 2259 1635 2366 byssenorurn
1670 2251 1673 2370 ξ

269 2381 388 2461 uenit
420 2380 587 2486 quidam
617 2380 734 2460 miles
767 2379 818 2459 de
851 2380 988 2462 ducali
1019 2380 1226 2488 progenie,
1262 2380 1380 2462 cuius
1412 2406 1564 2461 nornen
1597 2380 1692 2466 fuit,

271 2497 513 2618 thdrruzoba
546 2516 663 2609 pater
702 2501 872 2604 vrcund,
911 2529 934 2582 a
967 2529 1049 2608 quo
1083 2503 1297 2584 deseendit
1328 2530 1459 2608 genus
1492 2503 1674 2611 thomoy.

269 2624 345 2706 Cui
378 2624 467 2707 dux
498 2617 682 2736 thodsun
718 2623 830 2703 dedit
861 2636 1011 2704 terrain
1044 2623 1257 2706 habitandi
1289 2624 1331 2704 in
1364 2624 1551 2731 partibus
1592 2625 1674 2706 Ke-

269 2774 363 2855 nrey
397 2773 530 2853 usque
563 2745 615 2826 ad
648 2747 832 2853 tyscinrn,
873 2745 944 2828 ubi
974 2745 979 2857 i
1006 2775 1119 2827 nunc
1161 2764 1223 2828 est
1253 2763 1396 2853 portus
1429 2745 1560 2828 Obad.
1593 2745 1671 2828 Sed

270 2869 342 2950 iste
377 2869 612 2949 thonuzoba
659 2867 765 2949 uixit
811 2895 945 2974 usque
978 2868 1027 2948 ad
1062 2885 1250 2976 tempora.
1267 2869 1397 2949 sancti
1426 2871 1431 2974 t
1460 2869 1565 2974 regis
1583 2867 1756 2950 δῖε-Μ·

266 2990 393 3097 phuni
427 2991 588 3097 nepotis
621 2990 738 3071 ducis
770 3004 931 3071 tocsun.
963 2989 1014 3070 Et
1046 2991 1145 3071 durn
1180 2991 1327 3072 beatus
1344 3017 1418 3070 rex
1437 2987 1672 3097 Stephanus

266 3105 406 3194 uerba
439 3113 522 3193 uite
555 3111 795 3218 predicaret,
830 3124 871 3192 et
903 3111 1107 3217 hungaros
1141 3113 1377 3220 baptizaret,
1396 3126 1495 3193 tunc
1520 3111 1671 3192 thonn-

267 3235 369 3316 zoba
387 3235 426 3314 in
461 3233 542 3314 fide
572 3233 576 3342 i
606 3227 752 3337 uanus,
786 3233 918 3315 noluit
949 3261 1038 3316 esse
1068 3234 1323 3336 christianus,
1357 3233 1430 3315 sed
1448 3260 1545 3314 curn
1566 3257 1671 3313 uxo·

270 3437 311 3489 re
356 3361 478 3490 uiuirs
511 3409 562 3488 nd
593 3421 757 3516 portum
793 3408 897 3489 obad
934 3421 996 3488 est
1027 3409 1227 3515 sepultus
1257 3406 1262 3512 Ι
1291 3421 1407 3488 utne
1423 3405 1670 3513 baptizando

267 3548 355 3654 ipse
391 3527 444 3629 et·
464 3573 571 3629 uxor
602 3575 677 3630 sua
710 3547 899 3628 uiuerent
925 3575 1022 3629 euru
1055 3546 1215 3628 Christo
1248 3547 1287 3626 in
1323 3558 1524 3626 eternum.
1554 3547 1559 3652 4
1588 3544 1703 3630 Sed5

266 3697 394 3750 vrcun
429 3670 538 3752 filius
571 3697 671 3752 suus
715 3669 960 3751 christianus
996 3671 1130 3751 factus
1163 3669 1269 3751 uiuit
1302 3696 1397 3748 erun
1432 3665 1592 3750 Christo
1627 3667 1667 3749 in

264 3807 527 3900 perpetuum.
