3898 5752
366 747 503 872 signum
530 760 755 848 subiectionis
783 770 968 864 coeperunt
994 765 1176 864 uectigalia
1202 765 1256 843 uel
1284 767 1377 845 ultro
1405 765 1540 862 offerre,
1569 759 1624 844 vel
1663 765 1770 862 impe·

362 902 437 973 rata
474 873 682 992 persoluere.
723 895 801 969 Janr
842 893 1006 968 Urbanus
1049 894 1106 968 ΙΙΙ
1147 892 1294 987 suscipit
1335 893 1472 968 domum
1498 889 1705 986 hospitalem
1734 883 1771 966 S.

361 1013 526 1114 Stephani
556 1017 647 1113 regis
676 1015 711 1090 in
741 1037 837 1089 suam
864 1013 1057 1106 tuitionem,
1096 1019 1130 1088 et
1158 1014 1362 1110 subiungit:
1408 1015 1485 1112 „Ad
1517 1013 1681 1088 indicium
1711 1037 1773 1086 an-

362 1143 432 1216 tem
458 1141 561 1215 huius
602 1162 623 1214 a
663 1137 743 1212 sede
785 1135 976 1230 apostolica
1015 1140 1176 1232 percepto
1203 1137 1377 1213 libertatis
1418 1161 1547 1212 unam
1588 1135 1773 1210 unciam

360 1263 456 1340 auri
499 1261 611 1350 nobis,
653 1259 850 1353 nostrisque
894 1259 1150 1335 successoribus
1191 1261 1291 1336 annis
1337 1259 1485 1356 singulis
1525 1257 1768 1353 persolvetis·“

362 1383 476 1462 net.
505 1383 574 1460 Kn.
603 1383 695 1458 Mon.
723 1384 753 1456 I.
788 1383 870 1456 133.
901 1383 958 1459 Sic
986 1383 1209 1458 Innocentius
1238 1383 1306 1457 ΙΙΙ.
1335 1382 1453 1458 abbati
1482 1383 1518 1457 S.
1548 1379 1688 1476 Aegidii
1726 1379 1771 1454 de

361 1505 554 1603 Simighio:
600 1508 792 1596 „Personas
832 1510 966 1582 uestras
1008 1508 1042 1580 et
1069 1505 1315 1582 monasterium
1354 1503 1586 1599 Simighienso
1632 1504 1697 1578 snb
1725 1502 1768 1578 B.

359 1631 454 1707 Petri
497 1637 531 1704 et
567 1634 685 1704 nostra
714 1627 929 1723 protectione
957 1627 1174 1722 suscipimus.
1216 1627 1270 1702 Ad
1307 1625 1471 1702 indicium
1511 1629 1626 1702 autem
1666 1623 1772 1698 huius

360 1756 498 1829 nostrae
526 1749 751 1846 protectionis
789 1761 823 1826 et
859 1749 1131 1826 confirmationis
1172 1754 1365 1846 perceptae,
1408 1749 1642 1824 fertonem
1669 1743 1773 1821 auri

361 1871 472 1972 gratis
500 1875 664 1963 oblatum,
699 1871 799 1947 nobis
829 1877 863 1946 et
891 1873 1148 1948 successoribus
1176 1871 1306 1949 nostris
1334 1873 1434 1948 annis
1462 1871 1611 1968 singulis
1639 1869 1772 1965 persol-

359 1996 482 2072 retis.l
518 1994 860 2072 1210.0.D.111.
892 1999 925 2069 1.
956 1999 1018 2070 98.
1056 1997 1102 2070 Et
1129 2017 1166 2070 re
1192 2018 1273 2070 veru
1305 1997 1389 2070 haec
1427 1988 1596 2070 dictorum
1633 2011 1771 2066 monas·

360 2118 527 2194 teriorum
555 2117 686 2192 tributa
715 2115 919 2212 consignata
945 2117 1164 2211 reperiuntur
1191 2117 1227 2192 in
1255 2117 1429 2212 excerptis
1457 2139 1475 2191 e
1499 2117 1588 2192 libro
1608 2135 1773 2190 censuum

358 2261 517 2317 romanae
548 2239 640 2314 sedis
668 2262 689 2314 a
720 2239 842 2314 (lensio
873 2239 1058 2316 camerario
1086 2239 1307 2334 conscripto:
1350 2241 1413 2330 ,In
1441 2240 1640 2334 episcopatu
1678 2235 1768 2312 Stri-

360 2362 520 2462 goniensi
547 2362 733 2457 Hospitule
761 2362 795 2436 S.
826 2343 993 2456 Stephani
1022 2384 1145 2436 unam
1172 2363 1350 2437 unciam
1377 2361 1490 2454 anri,
1520 2385 1605 2457 quae
1642 2359 1771 2436 dicitur

357 2486 466 2561 Obon.
495 2483 745 2558 biouasterium
777 2484 811 2558 S.
842 2483 1031 2558 Salvatoris
1061 2485 1102 2558 de
1130 2485 1275 2560 Socsurd
1303 2485 1340 2560 II
1368 2490 1576 2561 romanatos.
1606 2485 1648 2559 In
1679 2484 1772 2579 epis·

358 2609 481 2700 copatu
509 2603 760 2700 Vesprimiensi
788 2605 932 2679 ecclesia
958 2607 999 2678 B.
1030 2607 1198 2700 Stephani
1225 2607 1318 2702 regis
1346 2608 1437 2702 apud
1475 2611 1626 2682 castrum
1663 2609 1764 2682 Bele-

360 2728 469 2824 grade
496 2749 598 2803 unum
625 2749 772 2802 maroam
800 2726 886 2817 auri,
916 2749 1001 2821 quoe
1020 2733 1073 2802 est
1091 2728 1272 2822 hospitale.
1301 2728 1507 2826 Simigiense
1526 2729 1773 2804 monasterium

356 2850 459 2926 debet
484 2849 719 2942 fertonem,
748 2853 808 2926 aut
835 2850 918 2924 duas
947 2850 1066 2926 uncias
1094 2850 1197 2926 auri
1228 2851 1270 2926 od
1298 2853 1433 2946 pondus
1460 2851 1697 2948 Hungnriae.“
1735 2851 1773 2944 Ο,

355 2973 398 3049 Ι).
427 2972 477 3050 II.
506 2973 595 3049 282.

513 3151 549 3222 4.
578 3147 645 3222 His
672 3145 802 3222 accedit
835 3145 1043 3237 obseruatio,
1073 3149 1221 3224 camelos
1255 3148 1435 3246 Anonymo
1463 3153 1552 3224 teste
1579 3171 1642 3244 per
1669 3151 1769 3224 Hun-

355 3293 458 3366 garos
486 3269 634 3363 primunr
661 3267 698 3343 in
726 3291 869 3364 regnum
906 3270 970 3344 hoo
1009 3270 1246 3347 introductos:
1286 3275 1404 3362 ,Tunc
1437 3273 1506 3346 dux
1534 3271 1652 3367 Arpad
1680 3270 1768 3346 inito

355 3391 509 3483 oonsilio,
540 3392 659 3466 eodem
686 3392 785 3465 modo
815 3391 911 3466 misit
939 3393 1085 3468 nuncios
1114 3417 1194 3470 snos
1222 3396 1265 3470 ad
1293 3396 1455 3471 Salanum
1482 3396 1612 3484 ducem,
1642 3399 1677 3469 et
1702 3394 1766 3469 mi·

355 3514 402 3589 sit
429 3515 461 3588 ei
488 3514 564 3589 XII
591 3515 688 3590 albos
717 3536 833 3608 equos,
864 3519 898 3588 et
925 3515 998 3588 Xll
1026 3517 1209 3592 camelos.“
1241 3519 1375 3594 XXIV.
1409 3517 1584 3593 Animalia
1611 3517 1695 3592 haec
1721 3517 1765 3590 ao

354 3659 459 3712 onera
485 3636 654 3729 portanda
680 3639 792 3710 aetate
820 3638 923 3710 Belae
951 3637 1037 3711 III-i
1064 3639 1174 3713 adhuc
1197 3639 1233 3713 in
1261 3663 1345 3729 usu;
1375 3639 1571 3716 subsecutis
1603 3637 1768 3732 tempori·

355 3759 432 3848 bus,
462 3759 551 3852 apud
579 3757 755 3832 annalium
780 3757 1048 3833 domesticorum
1077 3759 1276 3855 scriptores,
1298 3763 1405 3837 altum
1420 3764 1460 3837 de
1480 3762 1553 3836 illis
1572 3761 1764 3851 silentium,

357 3877 503 3954 forsitan
533 3879 612 3973 quia
638 3879 797 3973 Hunguri
826 3881 972 3954 camelos
1001 3905 1069 3956 non
1097 3883 1244 3977 amplius
1272 3885 1422 3960 alebant.
1448 3883 1624 3959 Arnoldus
1652 3885 1764 3959 Lube-

356 3998 472 4076 oensis
510 4001 551 4074 de
586 3999 709 4075 itinere
736 4001 905 4076 Friderici
943 4004 959 4078 l
996 4003 1216 4097 imperatoris
1251 4007 1298 4080 et'
1318 4029 1416 4082 cruce
1448 4005 1664 4100 signatorum
1703 4029 1766 4102 por

356 4121 571 4216 Hungariam
598 4144 687 4197 anno
718 4126 840 4198 nse:
881 4124 1056 4220 „Profecti
1092 4131 1205 4200 nutem
1242 4127 1321 4204 inde
1356 4129 1595 4202 veneruntad
1623 4127 1765 4202 flurium

356 4242 415 4337 qni
443 4243 591 4318 Meroua
618 4243 755 4334 dicitur,
785 4244 844 4322 nbi
874 4269 935 4319 rex
964 4248 1078 4339 (Belo)
1107 4248 1244 4324 domino
1272 4249 1472 4342 imperatori
1492 4252 1649 4345 plaustra
1666 4249 1763 4324 misit

356 4366 464 4438 multa
491 4363 604 4440 farina
630 4370 782 4456 onerato,
812 4371 846 4440 et
873 4369 1048 4461 quodlibet
1068 4370 1260 4462 plaustrum
1279 4373 1410 4447 dnobus
1430 4372 1542 4448 tauris
1560 4373 1758 4466 regebatur.

357 4486 398 4560 In
427 4487 545 4561 eodem
571 4487 646 4561 loco
674 4511 735 4561 rex
756 4487 954 4582 imperatori
975 4490 1048 4564 vale
1068 4491 1184 4568 dicens
1204 4492 1376 4585 discessit,
1397 4495 1481 4569 dans
1501 4493 1533 4568 ei
1560 4498 1765 4588 quatuor

357 4609 556 4683 camelos
584 4608 747 4702 pretiosis
775 4611 974 4686 muneribus
1003 4617 1175 4703 oneratos
1204 4636 1290 4708 qnae
1309 4616 1353 4689 ad
1371 4616 1522 4712 quinque
1541 4617 1653 4692 millis
1672 4639 1762 4691 mar·

356 4751 472 4804 carum
499 4733 694 4823 computata
722 4735 814 4805 sunt.
842 4731 964 4807 Leibn.
994 4733 1055 4809 SS.
1085 4737 1134 4810 II.
1166 4737 1252 4812 678.

511 4922 681 4996 Nolumus
708 4922 983 5016 praetermittere
1010 4926 1220 5003 mentionem
1248 4927 1402 5025 episcopi
1429 4929 1705 5022 Turiassonem
1723 4931 1761 5006 in

355 5040 513 5150 magistri
540 5045 580 5118 P.
608 5065 731 5138 opere:
764 5047 831 5142 ,ut
857 5045 893 5120 in
922 5047 1093 5144 legatione
1120 5049 1184 5125 illa
1207 5049 1306 5128 missi
1334 5059 1416 5128 snut
1436 5054 1502 5130 duo
1522 5059 1762 5136 strenuissimi
