3896 5758
982 468 1136 577 po—

355 686 493 796 rapuit
524 713 655 770 unum
689 687 944 774 dextrarium
976 692 1082 798 regis
1113 689 1323 794 Lodouioi‚
1367 702 1408 771 et
1439 687 1611 796 aufugit.
1658 685 1766 784 Qui-

356 807 451 890 dam
485 824 624 892 autern
658 810 709 894 de
741 813 989 919 agazonibus
1022 840 1241 898 occurrens
1274 813 1311 894 ei
1327 813 1462 894 uoluit
1493 839 1589 894 eum
1607 824 1766 912 tenere,

356 957 482 1040 quern
515 932 663 1016 Borieh
696 962 793 1016 curn
825 935 960 1042 gladio
992 937 1248 1045 percuciens,
1297 935 1509 1018 auertiue
1541 960 1675 1041 usque
1711 931 1767 1013 ad

356 1055 542 1138 medium
590 1067 736 1165 peetus
785 1059 874 1142 eius
914 1058 1098 1163 descidit,
1133 1073 1174 1141 et
1215 1058 1304 1166 ipse
1352 1083 1501 1140 manus
1549 1053 1768 1165 sequentis

358 1177 501 1265 euasit.

514 1300 611 1384 Post
642 1301 720 1383 hee
751 1317 891 1385 autern
925 1331 998 1386 rex
1033 1303 1202 1412 Geyoha
1226 1302 1339 1385 dedit
1355 1301 1524 1385 (lueales
1556 1325 1770 1408 expensas

357 1423 551 1506 fratribus
583 1425 668 1506 suis
699 1423 889 1507 LadizIao
923 1440 964 1508 et
995 1424 1216 1534 Stephane,
1250 1424 1455 1531 duxitque
1473 1423 1706 1504 exereitum
1725 1422 1769 1503 in

358 1544 550 1628 Ruseiaru
584 1573 710 1653 super
740 1547 1032 1630 Lodomeriuru
1067 1547 1217 1630 ducem
1250 1559 1296 1628 ut
1328 1547 1557 1628 uindicaret
1572 1545 1769 1626 iniuriam

359 1668 584 1751 socerisui
617 1667 831 1778 Minosloy‚
872 1697 946 1780 pro
987 1697 1070 1778 quo
1112 1672 1234 1752 etiarn
1270 1670 1350 1750 iam
1396 1667 1555 1775 pridem
1599 1667 1773 1748 miserat

360 1790 603 1891 exereitum,
641 1790 711 1897 qui
743 1791 852 1874 male
897 1804 1093 1876 tractatus
1126 1795 1261 1874 Irrerat
1293 1818 1317 1872 a
1349 1789 1520 1872 Rutenis
1553 1802 1594 1870 et
1625 1787 1772 1870 Curris.

360 1910 564 2018 Regnauit
595 1927 737 1994 autern
770 1915 889 1998 annis
922 1915 1078 2021 uiginti,
1112 1916 1327 1998 mensibus
1345 1913 1487 2014 tribus,
1508 1912 1656 1994 diebus
1675 1909 1771 1996 XV.

358 2033 551 2140 Migrauit
581 2047 721 2116 autern
754 2035 805 2118 ad
840 2035 1055 2119 dominum
1088 2062 1196 2118 anuo
1230 2031 1619 2118 domiuIMCLXIo
1637 2031 1774 2141 pridie

359 2155 450 2240 Kal.
484 2155 590 2240 Iunii
621 2157 723 2241 feria
755 2171 912 2267 quarta.
946 2158 1073 2242 Cuius
1107 2185 1256 2268 corpus
1290 2157 1397 2240 Albe
1424 2156 1610 2265 quiescit.

673 2454 840 2545 LXXII.
868 2448 1131 2560 Stephanus
1158 2449 1454 2553 eoronam-n

515 2699 624 2782 Loco
657 2700 745 2784 eius
786 2717 1004 2784 coronatur
1045 2701 1280 2810 Stephanus
1322 2701 1431 2782 filius
1473 2700 1563 2782 eius
1595 2710 1637 2779 et
1673 2723 1770 2804 reg·

360 2821 477 2903 nauit
508 2821 626 2904 annis
658 2822 729 2903 XI.
762 2823 976 2907 mensibus
1008 2849 1174 2928 nouem,
1208 2824 1356 2906 diebus
1388 2821 1532 2904 tribus.
1565 2820 1613 2900 In
1647 2820 1773 2902 ouius

362 2942 534 3050 irnperio
568 2943 653 3025 dux
687 2944 901 3030 Ladizlaus
932 2945 1041 3029 tilius
1074 2947 1178 3052 regis
1211 2946 1297 3028 eeei
1323 2944 1541 3052 usurpauit
1559 2942 1636 3026 sibi
1654 2968 1775 3024 eoro-

361 3091 458 3146 nanr
492 3064 661 3146 dimidio
693 3092 814 3149 anuo
848 3067 1038 3174 Migrauit
1070 3082 1210 3149 autern
1242 3069 1293 3150 ad
1327 3067 1543 3148 domiuum
1570 3089 1680 3146 anuo
1699 3063 1777 3146 do·

363 3186 465 3268 mini
496 3185 775 3270 MCLXXII·o
786 3184 816 3297 ¹)
851 3191 941 3273 Kal.
974 3190 1184 3273 Februarii
1216 3190 1317 3273 feria
1348 3189 1493 3298 prima,
1528 3188 1646 3270 euius
1681 3213 1775 3268 oor·

362 3335 441 3420 pus
475 3309 582 3392 Albe
616 3309 802 3418 quiescit.

531 3589 714 3673 LXXIII.
749 3581 1013 3693 Stephanus
1039 3594 1235 3694 usurpat
1262 3586 1351 3669 sibl
1377 3607 1606 3668 eorunm.

522 3850 648 3959 (122)
681 3851 777 3935 Post
809 3852 920 3935 huno
953 3868 1093 3938 autern
1127 3852 1361 3964 Stephanus
1393 3855 1519 3934 frater
1545 3851 1634 3934 eius
1650 3877 1775 3933 usur·

365 3971 483 4082 pauit
514 3974 591 4056 sibi
624 4000 818 4056 coronam
851 3977 1065 4060 mensibus
1088 3977 1285 4086 quinque.
1304 3975 1533 4059 Coronatus
1550 3987 1613 4057 est
1630 3985 1776 4055 autem

365 4094 492 4176 tercio
533 4095 630 4178 Idus
671 4096 881 4180 Februarii
914 4098 957 4179 in
997 4099 1204 4181 dominica
1245 4098 1445 4206 Exsurge,
1488 4097 1679 4180 deuictus
1711 4107 1778 4177 est

367 4229 506 4314 autem
541 4217 583 4298 in
615 4217 719 4301 festo
752 4232 990 4303 sanctorum
1023 4220 1211 4304 Geruasii
1244 4234 1286 4302 et
1319 4221 1491 4303 Protesii
1516 4220 1617 4302 feria
1633 4218 1776 4318 tercia,

367 4340 439 4422 ubi
481 4339 640 4423 nobiles
682 4339 893 4447 Hungarie
934 4356 1188 4427 corruerunt.
1231 4343 1328 4426 Post
1358 4343 1438 4424 hoo
1476 4341 1678 4450 expulsus
1711 4351 1778 4422 est

368 4462 420 4543 de
452 4488 590 4570 regno.
624 4461 748 4546 Obiit.
767 4464 810 4545 in
842 4477 975 4548 castro
991 4465 1160 4548 Zemlen
1178 4491 1286 4548 auno
1304 4463 1461 4548 domini
1477 4461 1777 4545 Momm-0

371 4583 497 4666 tercio
529 4584 627 4668 Idus
660 4586 812 4695 Aprilis
844 4587 946 4669 feria
978 4588 1133 4695 quinta.
1171 4586 1299 4672 Cuius
1333 4613 1483 4696 eorpus
1516 4585 1622 4669 Albe
1655 4583 1775 4690 quie·

479 4855 504 4958 ¹)
531 4863 634 4938 XIX.
663 4862 739 4938 add.
769 4864 809 4936 Τ.

476 4979 510 5077 *)
538 4983 589 5058 De
617 4983 723 5061 teroio
752 4985 927 5080 Stephano
954 5008 1036 5085 rege
1054 4987 1233 5084 hungarie.
1262 4986 1305 5064 A.
