3896 5758
796 499 950 602 ..2¹3-

176 713 264 796 LXI
271 714 321 797 X.
352 709 440 792 Hic
466 709 583 793 Belo
610 732 747 792 oeous
774 712 895 794 filius
914 711 1042 794 Almt
1069 709 1199 794 duci·
1223 708 1321 791 oeci
1338 706 1385 790 ln
1412 727 1573 811 regem

610 855 817 959 legitime
845 852 1140 954 coronatur.*)

329 1084 457 1190 (114)
492 1085 693 1190 Reguauit
725 1099 865 1168 autem
899 1100 992 1194 post
1024 1114 1120 1167 eum
1155 1084 1254 1164 Bcla
1295 1109 1429 1184 cecus,
1466 1081 1572 1162 filius

176 1204 291 1288 duris
326 1206 436 1288 Almi
469 1208 566 1310 ceci,
601 1235 852 1316 omnemque
886 1237 1107 1290 numerum
1141 1207 1343 1287 malorum
1370 1203 1571 1304 (lenitaue,

177 1327 376 1409 honorum
421 1357 593 1437 operum
637 1331 928 1412 exercitacioui
971 1330 1179 1413 humiliter
1211 1326 1445 1409 adherebat.
1488 1324 1574 1404 Nec

175 1450 311 1556 posuit
344 1477 510 1533 carnem
544 1453 698 1534 brachii
731 1455 794 1536 sui
826 1453 867 1534 iu
902 1453 1163 1553 adiutorium,
1196 1477 1275 1530 nec
1307 1446 1574 1529 hahuitlidu·

177 1571 282 1652 ciam
315 1573 353 1652 in
389 1574 567 1674 homine,
586 1576 658 1658 sed
680 1577 730 1656 ad
752 1576 1006 1658 Altissimum
1041 1573 1178 1682 posuit
1202 1571 1406 1675 retugium
1438 1596 1573 1670 suum,

177 1706 217 1774 et
247 1695 380 1778 factus
414 1708 476 1778 est
508 1695 711 1780 Dominus
743 1710 950 1806 protector
982 1699 1080 1780 eius.
1113 1695 1164 1776 Et
1195 1692 1370 1788 deduxit
1402 1719 1498 1773 eum
1531 1690 1574 1771 in

178 1815 440 1899 multitudiue
473 1819 748 1902 misericordie
782 1848 867 1924 sue,
902 1821 952 1900 de
984 1823 1122 1901 linctu
1153 1816 1309 1897 uentris
1342 1815 1404 1896 sui
1437 1812 1575 1920 posuit

177 1965 301 2044 super
332 1940 473 2022 sedem
506 1969 636 2024 suam.
674 1942 968 2024 Confirmatum
990 1956 1051 2023 est
1084 1966 1178 2045 ergo
1197 1965 1369 2043 regnum
1387 1937 1426 2016 in
1447 1961 1575 2016 manu

179 2059 276 2162 eius,
311 2075 352 2141 et
384 2062 570 2145 inimicos
604 2065 691 2148 eius
724 2065 837 2146 dedit
867 2064 1071 2146 Dominus
1104 2063 1143 2142 in
1179 2059 1445 2168 obprobrium
1473 2059 1573 2159 eiuS,

179 2209 309 2289 usque
342 2184 383 2264 in
415 2198 651 2292 presentem
684 2188 807 2268 diem.
841 2187 1077 2294 Genuitque
1112 2195 1289 2292 quatuor
1318 2181 1434 2278 filios,
1464 2180 1574 2262 scili-

178 2319 242 2384 cet
273 2305 465 2414 Geysam,
499 2308 746 2412 Ladizlaum‚
780 2309 1038 2417 Stephanum
1072 2321 1113 2388 et
1146 2306 1329 2387 Almum.
1361 2301 1452 2398 Quo
1485 2329 1576 2406 reg-

175 2441 299 2508 nante
332 2428 472 2534 regina
503 2429 643 2533 Elena,
677 2430 816 2513 habito
850 2431 1019 2514 consilio
1053 2430 1157 2535 regis
1185 2441 1226 2508 et
1245 2428 1460 2527 baronum,
1478 2423 1576 2505 fecit

177 2551 536 2656 congregationem
569 2554 803 2658 generalem
837 2555 878 2635 iu
912 2580 1035 2659 regno
1062 2553 1181 2633 iuxta
1206 2548 1329 2630 Arad.
1355 2547 1430 2627 lua
1454 2544 1578 2653 igitur

176 2671 242 2750 die
261 2671 369 2753 dicte
388 2676 731 2780 congregacionis,
750 2678 848 2757 dum
871 2704 945 2757 rex
963 2675 1136 2758 sedisset
1153 2697 1279 2779 super
1295 2669 1444 2753 solium
1462 2667 1577 2774 regni

176 2793 253 2896 sui,
272 2795 387 2876 uenit
420 2797 559 2902 regina
591 2825 686 2878 cum
720 2798 812 2882 filiis
845 2799 929 2880 suis
963 2811 1003 2878 et
1035 2794 1141 2880 sedit
1166 2795 1274 2874 circa
1289 2820 1442 2897 regem.
1459 2790 1577 2871 Dixit

176 2929 316 2997 autem
350 2917 402 2998 ad
434 2919 638 3025 populum
676 2921 934 3003 uniuersum:
968 2919 1124 3001 Omnes
1144 2916 1300 3016 fideles,
1319 2913 1478 2995 nobiles
1511 2938 1575 2993 se-

176 3066 250 3120 nes
284 3051 325 3120 et
356 3040 529 3123 iuuenes
563 3041 711 3125 diuites
744 3070 791 3124 ac
832 3069 1036 3149 pauperes
1077 3039 1236 3120 audite!
1280 3035 1387 3117 Cum
1425 3035 1575 3141 cuique

176 3174 363 3243 uestrum
396 3162 498 3245 deus
540 3163 678 3245 uisum
719 3165 877 3245 dederit
915 3162 1159 3260 naturalem,
1191 3159 1287 3242 uolo
1328 3155 1469 3239 audire
1503 3182 1579 3236 cur

176 3281 370 3365 dominus
403 3297 541 3366 noster
580 3312 656 3365 rex
696 3288 781 3369 suis
824 3286 953 3368 oculis
996 3287 1047 3366 sit
1088 3283 1286 3391 priuatus,
1320 3292 1361 3360 et
1398 3304 1575 3385 quorum

177 3404 347 3488 consilio
381 3406 459 3487 hoc
492 3407 543 3488 sit
575 3421 726 3512 actum,
761 3410 882 3491 modo
917 3408 1016 3489 mihi
1048 3404 1272 3514 propalate,
1299 3415 1341 3483 et
1373 3427 1443 3482 eos
1474 3399 1577 3480 fide-

178 3526 273 3608 liter
305 3526 347 3609 in
379 3527 581 3610 hocloco
614 3530 885 3633 uindicanteS,
919 3529 1038 3611 nohis
1071 3528 1122 3608 de
1164 3525 1263 3632 ipsis
1303 3524 1430 3604 finem
1467 3522 1574 3602 date.

176 3647 284 3730 Ecce
319 3649 429 3730 enim
447 3650 550 3733 deus
579 3653 662 3758 rogi
679 3665 817 3734 nostro
836 3679 909 3761 pro
927 3651 1089 3733 duobus
1108 3648 1237 3730 oculis
1258 3645 1371 3727 dedit
1388 3655 1575 3751 quatuor.

177 3771 304 3853 Facta
335 3771 458 3877 igitur
489 3773 566 3854 hac
599 3801 702 3855 uoce
735 3775 850 3856 irruit
882 3774 1015 3855 omnis
1048 3769 1228 3878 populus
1246 3767 1477 3874 superillos
1504 3767 1576 3847 ba·

176 3919 312 3995 mnes,
346 3920 523 4000 quorum
558 3896 727 3979 consilio
760 3925 832 3978 rex
868 3898 1090 3978 obcecatus
1122 3894 1267 3973 fuerat.
1290 3889 1341 3969 Et
1374 3887 1577 3996 quosdam

178 4043 234 4096 ex
266 4015 367 4123 ipsis
399 4017 641 4122 ligauerunt‚
676 4019 877 4125 quosdam
911 4044 1008 4098 vero
1041 4017 1402 4096 detruneauerunt.
1447 4009 1577 4091 Sexa-

176 4137 291 4242 ginta
322 4149 462 4219 autem
497 4152 538 4220 et
570 4154 662 4221 octo
696 4141 930 4248 prophanus
963 4138 1116 4220 ibidem
1154 4134 1373 4217 crudeliter
1416 4131 1577 4212 occide·

176 4273 286 4362 runt,
321 4272 362 4340 et
394 4287 538 4343 omnes
570 4289 829 4344 successores
864 4287 1006 4343 eorum
1040 4273 1124 4341 tam
1142 4257 1217 4338 viri
1240 4282 1366 4362 quam
1385 4255 1578 4337 mulieres

177 4381 325 4463 codem
360 4382 425 4463 die
458 4397 555 4464 sunt
586 4384 797 4489 registrati.
830 4385 1004 4491 Insuper
1036 4379 1350 4464 omuisillomm
1373 4375 1577 4483 possessio

176 4502 363 4586 ecclesiis
396 4504 700 4588 cathedralibus
728 4518 790 4588 cst
822 4506 966 4589 diuisa.
984 4505 1035 4585 Et
1057 4503 1116 4586 sic
1148 4527 1292 4582 omnes
1317 4498 1416 4580 uille
1435 4497 1576 4580 condi·

175 4626 359 4708 cionales
392 4625 443 4708 de
476 4626 687 4733 Hungaria
718 4627 968 4710 donaciones
1000 4654 1144 4733 regum
1176 4621 1454 4705 nominantur.

281 4900 316 4998 ³¹¹)
343 4903 393 4977 De
421 4905 517 4979 bech
545 4926 622 4982 ccco
651 4907 798 4980 serundo
826 4926 915 4999 rege.
946 4901 987 4976 A.
