3896 5758
839 565 902 633 205

168 772 369 860 adulterio
402 777 700 888 deprehensam
735 796 992 890 peccantem,
1026 809 1103 862 nec
1135 781 1318 864 uiolenta
1340 779 1570 862 temeritate

168 896 332 982 dimisit.
365 899 531 986 Sciebat
562 905 672 985 enim
707 904 804 1012 quia
835 905 1034 1012 scriptum
1068 915 1149 986 est:
1186 903 1301 986 Deus
1335 929 1439 1011 quos
1473 931 1570 984 con·

168 1020 315 1124 iunxit,
363 1023 487 1104 homo
529 1052 610 1106 non
653 1042 826 1134 separet.
879 1026 1042 1108 Scilicet
1084 1028 1171 1107 sine
1214 1023 1302 1131 lege
1340 1040 1381 1106 et
1413 1027 1571 1133 absque

167 1144 343 1226 racione.
374 1147 473 1227 Ideo
506 1174 589 1229 nou
621 1150 709 1256 ipse
741 1152 794 1232 ab
828 1177 876 1231 ea
908 1177 951 1232 se
985 1148 1202 1255 separauit,
1237 1151 1309 1230 sed
1342 1149 1411 1229 lex
1444 1151 1496 1230 ab
1524 1175 1573 1229 ea

166 1291 262 1347 eum
295 1269 514 1375 separauit,
548 1297 671 1378 quam
707 1285 844 1354 reatus
887 1271 1110 1374 accusauit,
1154 1271 1278 1377 culpa
1317 1271 1571 1377 dampnauit,

165 1389 417 1471 maleficium
451 1393 661 1475 coartauit.
695 1394 867 1478 Rernisit
898 1420 993 1500 ergo
1016 1420 1107 1474 eam
1124 1394 1194 1474 lex
1213 1394 1253 1473 in
1272 1406 1420 1474 terram
1440 1419 1571 1475 suain.

167 1507 257 1605 Que
291 1512 331 1593 in
345 1506 375 1620 ¹)
410 1540 465 1594 ex
496 1516 698 1598 adulterio
740 1517 883 1623 genuit
923 1516 1054 1598 filiurn
1099 1516 1266 1598 nomine
1308 1515 1459 1620 Rorith,
1492 1515 1572 1598 Bo·

166 1633 242 1715 rith
278 1649 418 1717 autern
452 1639 595 1744 genuit
619 1633 947 1746 Calamanum.²)

279 1897 442 1982 LXVII.
475 1896 580 1980 Dux
607 1898 775 1980 Almus
803 1905 850 1986 et
875 1897 997 1979 filius
1025 1899 1125 1980 eius
1153 1895 1467 1978 exoculantur.

324 2128 446 2209 Anno
494 2129 650 2211 domini
690 2129 911 2212 Moxneo
951 2129 1174 2238 imperator
1217 2139 1382 2236 propter
1422 2129 1571 2209 ducem

165 2247 338 2330 rilrnum
371 2251 503 2333 mouit
536 2253 765 2334 exercitum
798 2253 1019 2357 ingentem,
1054 2266 1095 2332 et
1126 2251 1242 2333 uenit
1273 2251 1313 2330 in
1348 2249 1572 2332 confinium

163 2369 388 2476 Hungarie‚
420 2385 468 2455 ut
507 2375 757 2482 colloquium
804 2404 899 2456 cum
940 2402 1035 2480 rege
1077 2374 1259 2478 baberet,
1294 2386 1335 2453 et
1366 2373 1471 2453 inter
1503 2398 1572 2454 eos

165 2519 313 2599 pacem
345 2496 552 2582 formaret.
587 2497 639 2577 Et
670 2495 822 2605 quod³)
855 2499 1012 2578 lactum
1046 2510 1119 2578 est.
1152 2496 1243 2576 Rex
1275 2509 1415 2576 autem
1440 2494 1572 2600 irnpe-

164 2615 288 2696 ratori
321 2616 499 2723 plurima
532 2619 641 2700 dona
672 2620 793 2722 misit,
828 2631 868 2700 et
893 2618 951 2700 sic
968 2618 1192 2700 honorifice
1209 2616 1459 2726 repatrinuit.
1479 2617 1574 2698 Post

164 2737 243 2818 hoc
286 2764 362 2818 rex
405 2740 572 2822 reduxit
618 2741 768 2822 ducem
817 2741 987 2823 Almum
1029 2742 1080 2822 ad
1112 2767 1272 2848 pacem.
1324 2739 1574 2821 Confirmata

166 2872 307 2941 autern
341 2887 456 2967 pace,
490 2863 657 2944 tandem
690 2892 764 2946 rex
800 2865 910 2971 cepit
940 2864 1103 2967 (lucem,
1138 2877 1178 2944 et
1209 2861 1338 2943 filium
1373 2862 1461 2942 eius
1494 2860 1572 2940 Be-

167 2982 251 3062 larn
286 2981 548 3088 infantulum,
583 2997 624 3065 et
656 2987 872 3068 obcecanit
904 3013 986 3068 eos.
1030 2985 1109 3066 Sed
1144 2999 1185 3068 et
1216 2983 1357 3064 Belam
1392 2983 1572 3063 infantu-

166 3104 254 3186 lum
289 3120 531 3213 preceperat
563 3121 751 3190 castrare.
800 3108 879 3189 Sed
922 3111 1140 3190 obcecator
1180 3107 1329 3187 timens
1373 3104 1498 3184 deum
1532 3117 1573 3184 et

166 3225 280 3330 regni
314 3227 581 3330 sterilitatem,
616 3232 810 3313 castrauit
842 3233 1039 3333 catulum,
1084 3230 1201 3311 cuius
1234 3227 1445 3310 testiculos
1477 3225 1573 3308 tulit

165 3348 262 3454 regi.
299 3347 350 3428 Et
382 3350 432 3429 de
465 3352 673 3434 nobilibus
705 3354 820 3458 regni
853 3352 1070 3434 obcecanit
1100 3350 1216 3452 VrOS,
1235 3349 1381 3450 Vatlra,
1400 3361 1440 3428 et
1458 3347 1570 3428 Paul.

166 3470 301 3551 Nichil
333 3469 459 3578 (107)
493 3485 632 3553 tamen
661 3475 813 3580 profuit
830 3476 988 3556 innoxii
1005 3474 1214 3579 sanguinis
1233 3471 1425 3578 profusio,
1444 3497 1569 3580 quern

165 3591 309 3673 diuina
340 3593 504 3674 ulcione
537 3611 771 3702 premature
805 3597 945 3678 mortis
979 3596 1197 3701 deglutiuit
1229 3593 1416 3694 sorbicio,
1436 3607 1570 3699 etpu-

163 3714 270 3795 niuit
310 3716 547 3823 temporalis
588 3720 702 3824 regni
738 3720 981 3801 destruccio.
1014 3717 1134 3798 Vnde
1173 3717 1328 3796 dictum
1364 3729 1446 3796 est:
1479 3713 1570 3796 Non

165 3835 226 3917 sic
258 3835 386 3945 impii,
422 3837 462 3918 iu
495 3865 651 3944 ornnes,
697 3855 738 3922 et
780 3855 927 3922 cetera.
969 3840 1132 3922 Ductus
1175 3850 1236 3920 cst
1268 3830 1449 3945 auteml)
1483 3837 1570 3919 dux

164 3958 314 4040 Almus
346 3958 389 4038 in
422 3963 717 4045 monasterium
751 3991 872 4045 suum
905 3965 946 4044 in
980 3962 1147 4043 Demes.
1194 3961 1290 4041 Post
1320 3961 1398 4041 lrec
1430 3973 1569 4042 autem

163 4107 239 4161 rex
272 4081 383 4189 cepit
425 4097 607 4188 egrotare
650 4085 839 4191 grauiter,
877 4101 918 4166 et
950 4085 1130 4165 habebat
1173 4083 1396 4189 quemdam
1440 4081 1570 4161 medi·

163 4231 259 4284 cnm
291 4202 467 4286 latinum
500 4207 668 4287 nornine
700 4206 946 4311 Draconem,
965 4207 1032 4287 cui
1059 4204 1232 4285 nimium
1267 4204 1472 4286 credebat.
1493 4202 1571 4283 Hic

162 4325 358 4432 apposuit
400 4328 701 4434 ernplaustrum
741 4357 866 4436 super
907 4355 1026 4410 aures
1063 4327 1180 4433 regia,
1225 4327 1296 4432 qui
1339 4353 1392 4407 ex
1426 4325 1570 4432 capitis

163 4447 304 4528 dolore
337 4449 561 4553 urgebatur
593 4465 634 4532 et
665 4479 740 4558 per
772 4451 1051 4532 concauitates
1084 4449 1244 4530 aurium
1278 4448 1339 4530 vis
1378 4449 1565 4554 empleu-

162 4567 235 4650 stri
282 4596 365 4650 non
411 4570 613 4652 modicam
653 4573 836 4654 extraxit
865 4584 1024 4681 partem
1059 4570 1214 4652 cerebri
1249 4572 1349 4656 eius
1396 4568 1568 4651 Remoto

162 4704 302 4773 autem
338 4693 602 4799 ernplanstm,
636 4695 745 4803 quod
780 4695 941 4778 diucius
973 4706 1113 4775 tencre
1146 4719 1228 4774 non
1256 4703 1569 4800 poteratosten-

163 4813 227 4895 dit
255 4813 455 4896 Otbmaro
488 4815 640 4897 comiti.
674 4815 822 4900 Comes
856 4816 1079 4899 Otlnnarus
1122 4815 1344 4921 inspiciens
1382 4814 1569 4921 empleu-

272 5067 297 5168 ¹)
326 5073 362 5146 in
390 5077 424 5148 et
452 5097 494 5150 ex
533 5077 572 5151 T.
604 5071 631 5178 ²)
659 5078 887 5152 toloneum.
918 5077 956 5151 T.
988 5072 1016 5168 ³)
1045 5074 1134 5169 quod
1162 5077 1206 5148 et.
1236 5075 1276 5148 T.
1305 5069 1334 5172 ⁴)
1362 5075 1476 5146 autem
1502 5075 1566 5148 est.
