<?xml version="1.0" encoding="UTF-8"?>
<!DOCTYPE html PUBLIC "-//W3C//DTD XHTML 1.0 Transitional//EN"
    "http://www.w3.org/TR/xhtml1/DTD/xhtml1-transitional.dtd">
<html xmlns="http://www.w3.org/1999/xhtml" xml:lang="en" lang="en">
 <head>
  <title>
</title>
<meta http-equiv="Content-Type" content="text/html;charset=utf-8" />
  <meta name='ocr-system' content='tesseract 3.04.00' />
  <meta name='ocr-capabilities' content='ocr_page ocr_carea ocr_par ocr_line ocrx_word'/>
</head>
<body>
  <div class='ocr_page' id='page_1' title='image "./chronicahungaro00florgoog_0184.png"; bbox 0 0 3896 5758; ppageno 0'>
   <div class='ocr_carea' id='block_1_1' title="bbox 801 475 955 609">
    <p class='ocr_par' dir='ltr' id='par_1_1' title="bbox 801 475 955 609">
     <span class='ocr_line' id='line_1_1' title="bbox 801 475 955 609; baseline 0 -36"><span class='ocrx_word' id='word_1_1' title='bbox 801 475 955 609; x_wconf 42' lang='lat' dir='ltr'>„no—</span> 
     </span>
    </p>
   </div>
   <div class='ocr_carea' id='block_1_2' title="bbox 169 709 1587 4864">
    <p class='ocr_par' dir='ltr' id='par_1_2' title="bbox 169 709 1584 1785">
     <span class='ocr_line' id='line_1_2' title="bbox 170 709 1583 828; baseline -0.001 -27"><span class='ocrx_word' id='word_1_2' title='bbox 170 711 354 828; x_wconf 86' lang='lat' dir='ltr'>quadam</span> <span class='ocrx_word' id='word_1_3' title='bbox 397 719 540 828; x_wconf 89' lang='lat' dir='ltr'>puella</span> <span class='ocrx_word' id='word_1_4' title='bbox 571 720 623 801; x_wconf 91' lang='lat' dir='ltr'>de</span> <span class='ocrx_word' id='word_1_5' title='bbox 665 747 814 826; x_wconf 77' lang='lat' dir='ltr'>genere</span> <span class='ocrx_word' id='word_1_6' title='bbox 861 721 1010 824; x_wconf 88' lang='lat' dir='ltr'>Tatun,</span> <span class='ocrx_word' id='word_1_7' title='bbox 1053 733 1095 802; x_wconf 87' lang='lat' dir='ltr'>et</span> <span class='ocrx_word' id='word_1_8' title='bbox 1136 745 1220 802; x_wconf 91' lang='lat' dir='ltr'>non</span> <span class='ocrx_word' id='word_1_9' title='bbox 1253 715 1304 802; x_wconf 88' lang='lat' dir='ltr'>de</span> <span class='ocrx_word' id='word_1_10' title='bbox 1336 745 1434 803; x_wconf 88' lang='lat' dir='ltr'>vero</span> <span class='ocrx_word' id='word_1_11' title='bbox 1465 709 1583 800; x_wconf 86' lang='lat' dir='ltr'>thoro</span> 
     </span>
     <span class='ocr_line' id='line_1_3' title="bbox 170 842 1584 946; baseline -0.001 -22"><span class='ocrx_word' id='word_1_12' title='bbox 170 855 284 925; x_wconf 88' lang='lat' dir='ltr'>ortos</span> <span class='ocrx_word' id='word_1_13' title='bbox 316 868 419 946; x_wconf 88' lang='lat' dir='ltr'>esse,</span> <span class='ocrx_word' id='word_1_14' title='bbox 454 855 494 924; x_wconf 91' lang='lat' dir='ltr'>et</span> <span class='ocrx_word' id='word_1_15' title='bbox 525 844 578 924; x_wconf 91' lang='lat' dir='ltr'>ob</span> <span class='ocrx_word' id='word_1_16' title='bbox 611 842 719 924; x_wconf 89' lang='lat' dir='ltr'>hane</span> <span class='ocrx_word' id='word_1_17' title='bbox 751 843 1091 926; x_wconf 88' lang='lat' dir='ltr'>coniunceionem</span> <span class='ocrx_word' id='word_1_18' title='bbox 1135 843 1225 925; x_wconf 89' lang='lat' dir='ltr'>illos</span> <span class='ocrx_word' id='word_1_19' title='bbox 1259 843 1310 923; x_wconf 93' lang='lat' dir='ltr'>de</span> <span class='ocrx_word' id='word_1_20' title='bbox 1342 842 1478 924; x_wconf 87' lang='lat' dir='ltr'>Tatun</span> <span class='ocrx_word' id='word_1_21' title='bbox 1509 867 1584 923; x_wconf 91' lang='lat' dir='ltr'>no-</span> 
     </span>
     <span class='ocr_line' id='line_1_4' title="bbox 169 963 1584 1075; baseline -0.001 -29"><span class='ocrx_word' id='word_1_22' title='bbox 169 963 376 1046; x_wconf 87' lang='lat' dir='ltr'>bilitatem</span> <span class='ocrx_word' id='word_1_23' title='bbox 410 965 631 1073; x_wconf 87' lang='lat' dir='ltr'>accepisse.</span> <span class='ocrx_word' id='word_1_24' title='bbox 665 965 831 1048; x_wconf 87' lang='lat' dir='ltr'>Falsum</span> <span class='ocrx_word' id='word_1_25' title='bbox 864 992 938 1075; x_wconf 91' lang='lat' dir='ltr'>pro</span> <span class='ocrx_word' id='word_1_26' title='bbox 972 980 1083 1049; x_wconf 85' lang='lat' dir='ltr'>certo</span> <span class='ocrx_word' id='word_1_27' title='bbox 1117 980 1188 1065; x_wconf 88' lang='lat' dir='ltr'>est,</span> <span class='ocrx_word' id='word_1_28' title='bbox 1211 964 1447 1074; x_wconf 89' lang='lat' dir='ltr'>etpessime</span> <span class='ocrx_word' id='word_1_29' title='bbox 1466 991 1584 1046; x_wconf 91' lang='lat' dir='ltr'>enar·</span> 
     </span>
     <span class='ocr_line' id='line_1_5' title="bbox 169 1084 1583 1196; baseline -0.001 -28"><span class='ocrx_word' id='word_1_30' title='bbox 169 1097 324 1169; x_wconf 85' lang='lat' dir='ltr'>return.</span> <span class='ocrx_word' id='word_1_31' title='bbox 374 1087 547 1194; x_wconf 86' lang='lat' dir='ltr'>Absque</span> <span class='ocrx_word' id='word_1_32' title='bbox 596 1088 673 1170; x_wconf 90' lang='lat' dir='ltr'>hoc</span> <span class='ocrx_word' id='word_1_33' title='bbox 713 1114 895 1196; x_wconf 88' lang='lat' dir='ltr'>namque</span> <span class='ocrx_word' id='word_1_34' title='bbox 939 1101 1037 1172; x_wconf 92' lang='lat' dir='ltr'>sunt</span> <span class='ocrx_word' id='word_1_35' title='bbox 1068 1088 1250 1188; x_wconf 84' lang='lat' dir='ltr'>nobiles3</span> <span class='ocrx_word' id='word_1_36' title='bbox 1284 1084 1382 1195; x_wconf 89' lang='lat' dir='ltr'>quia</span> <span class='ocrx_word' id='word_1_37' title='bbox 1413 1087 1480 1169; x_wconf 87' lang='lat' dir='ltr'>isti</span> <span class='ocrx_word' id='word_1_38' title='bbox 1511 1086 1583 1166; x_wconf 84' lang='lat' dir='ltr'>filii</span> 
     </span>
     <span class='ocr_line' id='line_1_6' title="bbox 169 1205 1584 1318; baseline -0.002 -26"><span class='ocrx_word' id='word_1_39' title='bbox 169 1221 274 1292; x_wconf 89' lang='lat' dir='ltr'>sunt</span> <span class='ocrx_word' id='word_1_40' title='bbox 305 1205 414 1290; x_wconf 84' lang='lat' dir='ltr'>calui</span> <span class='ocrx_word' id='word_1_41' title='bbox 445 1209 633 1312; x_wconf 87' lang='lat' dir='ltr'>Ladizlai‚</span> <span class='ocrx_word' id='word_1_42' title='bbox 668 1211 738 1318; x_wconf 89' lang='lat' dir='ltr'>qui</span> <span class='ocrx_word' id='word_1_43' title='bbox 771 1237 944 1292; x_wconf 81' lang='lat' dir='ltr'>uxorem</span> <span class='ocrx_word' id='word_1_44' title='bbox 980 1211 1030 1292; x_wconf 94' lang='lat' dir='ltr'>de</span> <span class='ocrx_word' id='word_1_45' title='bbox 1063 1209 1268 1292; x_wconf 85' lang='lat' dir='ltr'>Rutheuia</span> <span class='ocrx_word' id='word_1_46' title='bbox 1301 1209 1584 1290; x_wconf 87' lang='lat' dir='ltr'>dieituracce-</span> 
     </span>
     <span class='ocr_line' id='line_1_7' title="bbox 169 1329 1581 1440; baseline -0.001 -29"><span class='ocrx_word' id='word_1_47' title='bbox 169 1329 298 1439; x_wconf 87' lang='lat' dir='ltr'>pisse,</span> <span class='ocrx_word' id='word_1_48' title='bbox 332 1357 386 1412; x_wconf 80' lang='lat' dir='ltr'>ex</span> <span class='ocrx_word' id='word_1_49' title='bbox 420 1358 502 1438; x_wconf 88' lang='lat' dir='ltr'>qua</span> <span class='ocrx_word' id='word_1_50' title='bbox 534 1348 616 1414; x_wconf 90' lang='lat' dir='ltr'>tres</span> <span class='ocrx_word' id='word_1_51' title='bbox 650 1331 714 1414; x_wconf 92' lang='lat' dir='ltr'>isti</span> <span class='ocrx_word' id='word_1_52' title='bbox 745 1333 889 1414; x_wconf 86' lang='lat' dir='ltr'>fratres</span> <span class='ocrx_word' id='word_1_53' title='bbox 921 1343 1182 1440; x_wconf 78' lang='lat' dir='ltr'>generantur.</span> <span class='ocrx_word' id='word_1_54' title='bbox 1215 1331 1297 1414; x_wconf 84' lang='lat' dir='ltr'>iste</span> <span class='ocrx_word' id='word_1_55' title='bbox 1321 1331 1488 1437; x_wconf 88' lang='lat' dir='ltr'>quidem</span> <span class='ocrx_word' id='word_1_56' title='bbox 1507 1357 1581 1411; x_wconf 88' lang='lat' dir='ltr'>rex</span> 
     </span>
     <span class='ocr_line' id='line_1_8' title="bbox 170 1453 1581 1539; baseline -0.001 -3"><span class='ocrx_word' id='word_1_57' title='bbox 170 1453 298 1536; x_wconf 88' lang='lat' dir='ltr'>albus</span> <span class='ocrx_word' id='word_1_58' title='bbox 329 1453 517 1538; x_wconf 84' lang='lat' dir='ltr'>Andreas</span> <span class='ocrx_word' id='word_1_59' title='bbox 551 1467 592 1535; x_wconf 92' lang='lat' dir='ltr'>et</span> <span class='ocrx_word' id='word_1_60' title='bbox 624 1454 850 1539; x_wconf 89' lang='lat' dir='ltr'>catholicus</span> <span class='ocrx_word' id='word_1_61' title='bbox 884 1470 946 1538; x_wconf 90' lang='lat' dir='ltr'>est</span> <span class='ocrx_word' id='word_1_62' title='bbox 977 1467 1163 1537; x_wconf 86' lang='lat' dir='ltr'>uocatus.</span> <span class='ocrx_word' id='word_1_63' title='bbox 1197 1454 1344 1536; x_wconf 84' lang='lat' dir='ltr'>Tribus</span> <span class='ocrx_word' id='word_1_64' title='bbox 1377 1454 1488 1535; x_wconf 81' lang='lat' dir='ltr'>enirn</span> <span class='ocrx_word' id='word_1_65' title='bbox 1508 1480 1581 1534; x_wconf 89' lang='lat' dir='ltr'>an·</span> 
     </span>
     <span class='ocr_line' id='line_1_9' title="bbox 172 1563 1583 1683; baseline 0.001 -27"><span class='ocrx_word' id='word_1_66' title='bbox 172 1575 242 1658; x_wconf 91' lang='lat' dir='ltr'>nis</span> <span class='ocrx_word' id='word_1_67' title='bbox 272 1574 448 1658; x_wconf 92' lang='lat' dir='ltr'>Polonos</span> <span class='ocrx_word' id='word_1_68' title='bbox 480 1575 685 1658; x_wconf 83' lang='lat' dir='ltr'>Bohernos</span> <span class='ocrx_word' id='word_1_69' title='bbox 719 1590 760 1657; x_wconf 90' lang='lat' dir='ltr'>et</span> <span class='ocrx_word' id='word_1_70' title='bbox 795 1578 1005 1660; x_wconf 87' lang='lat' dir='ltr'>Australes</span> <span class='ocrx_word' id='word_1_71' title='bbox 1040 1563 1234 1683; x_wconf 82' lang='lat' dir='ltr'>hungaris</span> <span class='ocrx_word' id='word_1_72' title='bbox 1268 1576 1355 1658; x_wconf 89' lang='lat' dir='ltr'>suis</span> <span class='ocrx_word' id='word_1_73' title='bbox 1380 1575 1583 1658; x_wconf 82' lang='lat' dir='ltr'>arruisse-</span> 
     </span>
     <span class='ocr_line' id='line_1_10' title="bbox 174 1697 496 1785; baseline 0.019 -6"><span class='ocrx_word' id='word_1_74' title='bbox 174 1699 235 1780; x_wconf 87' lang='lat' dir='ltr'>eit</span> <span class='ocrx_word' id='word_1_75' title='bbox 268 1697 496 1785; x_wconf 81' lang='lat' dir='ltr'>censuales,</span> 
     </span>
    </p>

    <p class='ocr_par' dir='ltr' id='par_1_3' title="bbox 174 1819 1587 4864">
     <span class='ocr_line' id='line_1_11' title="bbox 333 1819 1584 1906; baseline -0.001 -6"><span class='ocrx_word' id='word_1_76' title='bbox 333 1819 421 1900; x_wconf 80' lang='lat' dir='ltr'>Rex</span> <span class='ocrx_word' id='word_1_77' title='bbox 455 1834 595 1904; x_wconf 87' lang='lat' dir='ltr'>autem</span> <span class='ocrx_word' id='word_1_78' title='bbox 628 1821 694 1902; x_wconf 89' lang='lat' dir='ltr'>hic</span> <span class='ocrx_word' id='word_1_79' title='bbox 728 1823 914 1906; x_wconf 75' lang='lat' dir='ltr'>Andreas</span> <span class='ocrx_word' id='word_1_80' title='bbox 946 1824 1068 1905; x_wconf 87' lang='lat' dir='ltr'>fratre</span> <span class='ocrx_word' id='word_1_81' title='bbox 1102 1823 1269 1904; x_wconf 87' lang='lat' dir='ltr'>orbatus</span> <span class='ocrx_word' id='word_1_82' title='bbox 1303 1819 1413 1902; x_wconf 86' lang='lat' dir='ltr'>misit</span> <span class='ocrx_word' id='word_1_83' title='bbox 1440 1820 1479 1900; x_wconf 91' lang='lat' dir='ltr'>in</span> <span class='ocrx_word' id='word_1_84' title='bbox 1508 1820 1584 1900; x_wconf 90' lang='lat' dir='ltr'>Po·</span> 
     </span>
     <span class='ocr_line' id='line_1_12' title="bbox 175 1942 1585 2048; baseline -0.001 -24"><span class='ocrx_word' id='word_1_85' title='bbox 175 1942 329 2024; x_wconf 88' lang='lat' dir='ltr'>loniarn</span> <span class='ocrx_word' id='word_1_86' title='bbox 364 1943 415 2025; x_wconf 90' lang='lat' dir='ltr'>ad</span> <span class='ocrx_word' id='word_1_87' title='bbox 448 1943 624 2026; x_wconf 85' lang='lat' dir='ltr'>alterurn</span> <span class='ocrx_word' id='word_1_88' title='bbox 656 1945 821 2026; x_wconf 87' lang='lat' dir='ltr'>fratrem</span> <span class='ocrx_word' id='word_1_89' title='bbox 855 1973 977 2028; x_wconf 90' lang='lat' dir='ltr'>suum</span> <span class='ocrx_word' id='word_1_90' title='bbox 1013 1944 1168 2048; x_wconf 80' lang='lat' dir='ltr'>Belum,</span> <span class='ocrx_word' id='word_1_91' title='bbox 1212 1971 1306 2025; x_wconf 85' lang='lat' dir='ltr'>curn</span> <span class='ocrx_word' id='word_1_92' title='bbox 1341 1969 1491 2048; x_wconf 86' lang='lat' dir='ltr'>magua</span> <span class='ocrx_word' id='word_1_93' title='bbox 1523 1942 1585 2023; x_wconf 88' lang='lat' dir='ltr'>di·</span> 
     </span>
     <span class='ocr_line' id='line_1_13' title="bbox 175 2065 1584 2174; baseline -0.001 -28"><span class='ocrx_word' id='word_1_94' title='bbox 175 2065 362 2147; x_wconf 88' lang='lat' dir='ltr'>leccione</span> <span class='ocrx_word' id='word_1_95' title='bbox 394 2091 548 2148; x_wconf 85' lang='lat' dir='ltr'>vocans</span> <span class='ocrx_word' id='word_1_96' title='bbox 582 2094 677 2148; x_wconf 91' lang='lat' dir='ltr'>eum</span> <span class='ocrx_word' id='word_1_97' title='bbox 712 2080 752 2147; x_wconf 91' lang='lat' dir='ltr'>et</span> <span class='ocrx_word' id='word_1_98' title='bbox 783 2066 944 2148; x_wconf 83' lang='lat' dir='ltr'>dicens:</span> <span class='ocrx_word' id='word_1_99' title='bbox 978 2094 1052 2148; x_wconf 86' lang='lat' dir='ltr'>nos</span> <span class='ocrx_word' id='word_1_100' title='bbox 1086 2067 1155 2174; x_wconf 87' lang='lat' dir='ltr'>qui</span> <span class='ocrx_word' id='word_1_101' title='bbox 1183 2065 1393 2174; x_wconf 88' lang='lat' dir='ltr'>quondam</span> <span class='ocrx_word' id='word_1_102' title='bbox 1411 2065 1584 2174; x_wconf 92' lang='lat' dir='ltr'>penurie</span> 
     </span>
     <span class='ocr_line' id='line_1_14' title="bbox 176 2187 1583 2296; baseline -0.001 -28"><span class='ocrx_word' id='word_1_103' title='bbox 176 2187 399 2296; x_wconf 84' lang='lat' dir='ltr'>participes</span> <span class='ocrx_word' id='word_1_104' title='bbox 441 2187 597 2270; x_wconf 76' lang='lat' dir='ltr'>ruimus</span> <span class='ocrx_word' id='word_1_105' title='bbox 639 2201 680 2269; x_wconf 86' lang='lat' dir='ltr'>et</span> <span class='ocrx_word' id='word_1_106' title='bbox 714 2188 915 2292; x_wconf 71' lang='lat' dir='ltr'>latrorum,</span> <span class='ocrx_word' id='word_1_107' title='bbox 949 2216 1046 2295; x_wconf 85' lang='lat' dir='ltr'>rogo</span> <span class='ocrx_word' id='word_1_108' title='bbox 1079 2203 1119 2269; x_wconf 90' lang='lat' dir='ltr'>tc</span> <span class='ocrx_word' id='word_1_109' title='bbox 1152 2187 1417 2270; x_wconf 81' lang='lat' dir='ltr'>dilectissime</span> <span class='ocrx_word' id='word_1_110' title='bbox 1448 2187 1583 2290; x_wconf 88' lang='lat' dir='ltr'>frater,</span> 
     </span>
     <span class='ocr_line' id='line_1_15' title="bbox 178 2309 1584 2419; baseline 0 -27"><span class='ocrx_word' id='word_1_111' title='bbox 178 2323 229 2392; x_wconf 93' lang='lat' dir='ltr'>ut</span> <span class='ocrx_word' id='word_1_112' title='bbox 257 2309 308 2390; x_wconf 91' lang='lat' dir='ltr'>ad</span> <span class='ocrx_word' id='word_1_113' title='bbox 344 2337 411 2390; x_wconf 90' lang='lat' dir='ltr'>me</span> <span class='ocrx_word' id='word_1_114' title='bbox 428 2337 511 2392; x_wconf 94' lang='lat' dir='ltr'>non</span> <span class='ocrx_word' id='word_1_115' title='bbox 529 2310 666 2392; x_wconf 85' lang='lat' dir='ltr'>tardes</span> <span class='ocrx_word' id='word_1_116' title='bbox 700 2311 853 2414; x_wconf 85' lang='lat' dir='ltr'>uenire,</span> <span class='ocrx_word' id='word_1_117' title='bbox 888 2325 1094 2419; x_wconf 88' lang='lat' dir='ltr'>quatenus</span> <span class='ocrx_word' id='word_1_118' title='bbox 1112 2323 1321 2394; x_wconf 87' lang='lat' dir='ltr'>consortes</span> <span class='ocrx_word' id='word_1_119' title='bbox 1338 2309 1467 2392; x_wconf 87' lang='lat' dir='ltr'>simus</span> <span class='ocrx_word' id='word_1_120' title='bbox 1484 2335 1584 2416; x_wconf 88' lang='lat' dir='ltr'>gau·</span> 
     </span>
     <span class='ocr_line' id='line_1_16' title="bbox 175 2431 1585 2542; baseline 0 -30"><span class='ocrx_word' id='word_1_121' title='bbox 175 2431 352 2534; x_wconf 86' lang='lat' dir='ltr'>diorum,</span> <span class='ocrx_word' id='word_1_122' title='bbox 386 2444 428 2514; x_wconf 90' lang='lat' dir='ltr'>et</span> <span class='ocrx_word' id='word_1_123' title='bbox 458 2433 578 2515; x_wconf 92' lang='lat' dir='ltr'>bonis</span> <span class='ocrx_word' id='word_1_124' title='bbox 611 2433 725 2539; x_wconf 91' lang='lat' dir='ltr'>regni</span> <span class='ocrx_word' id='word_1_125' title='bbox 757 2434 956 2542; x_wconf 84' lang='lat' dir='ltr'>corporali</span> <span class='ocrx_word' id='word_1_126' title='bbox 990 2434 1205 2542; x_wconf 84' lang='lat' dir='ltr'>presencia</span> <span class='ocrx_word' id='word_1_127' title='bbox 1226 2432 1454 2538; x_wconf 86' lang='lat' dir='ltr'>gaudentes</span> <span class='ocrx_word' id='word_1_128' title='bbox 1472 2459 1585 2513; x_wconf 86' lang='lat' dir='ltr'>corn·</span> 
     </span>
     <span class='ocr_line' id='line_1_17' title="bbox 177 2554 1584 2662; baseline 0.001 -27"><span class='ocrx_word' id='word_1_129' title='bbox 177 2554 454 2637; x_wconf 86' lang='lat' dir='ltr'>municeurus.</span> <span class='ocrx_word' id='word_1_130' title='bbox 502 2555 647 2662; x_wconf 86' lang='lat' dir='ltr'>Neque</span> <span class='ocrx_word' id='word_1_131' title='bbox 681 2557 789 2637; x_wconf 85' lang='lat' dir='ltr'>enirn</span> <span class='ocrx_word' id='word_1_132' title='bbox 823 2556 1019 2638; x_wconf 88' lang='lat' dir='ltr'>heredem</span> <span class='ocrx_word' id='word_1_133' title='bbox 1054 2556 1198 2658; x_wconf 88' lang='lat' dir='ltr'>habeo,</span> <span class='ocrx_word' id='word_1_134' title='bbox 1232 2583 1310 2636; x_wconf 88' lang='lat' dir='ltr'>nec</span> <span class='ocrx_word' id='word_1_135' title='bbox 1341 2581 1584 2662; x_wconf 89' lang='lat' dir='ltr'>germanum</span> 
     </span>
     <span class='ocr_line' id='line_1_18' title="bbox 176 2677 1585 2786; baseline 0.001 -28"><span class='ocrx_word' id='word_1_136' title='bbox 176 2689 317 2785; x_wconf 90' lang='lat' dir='ltr'>preter</span> <span class='ocrx_word' id='word_1_137' title='bbox 347 2688 399 2760; x_wconf 89' lang='lat' dir='ltr'>te.</span> <span class='ocrx_word' id='word_1_138' title='bbox 435 2677 498 2758; x_wconf 85' lang='lat' dir='ltr'>Tu</span> <span class='ocrx_word' id='word_1_139' title='bbox 530 2677 585 2760; x_wconf 90' lang='lat' dir='ltr'>sis</span> <span class='ocrx_word' id='word_1_140' title='bbox 617 2678 742 2759; x_wconf 88' lang='lat' dir='ltr'>miehi</span> <span class='ocrx_word' id='word_1_141' title='bbox 776 2679 907 2780; x_wconf 88' lang='lat' dir='ltr'>heres,</span> <span class='ocrx_word' id='word_1_142' title='bbox 942 2677 1045 2760; x_wconf 87' lang='lat' dir='ltr'>tuin</span> <span class='ocrx_word' id='word_1_143' title='bbox 1064 2678 1340 2786; x_wconf 84' lang='lat' dir='ltr'>rog(61)nurn</span> <span class='ocrx_word' id='word_1_144' title='bbox 1372 2677 1585 2760; x_wconf 80' lang='lat' dir='ltr'>succedas,</span> 
     </span>
     <span class='ocr_line' id='line_1_19' title="bbox 178 2797 1586 2907; baseline 0.001 -28"><span class='ocrx_word' id='word_1_145' title='bbox 178 2797 266 2907; x_wconf 87' lang='lat' dir='ltr'>Hys</span> <span class='ocrx_word' id='word_1_146' title='bbox 299 2797 439 2906; x_wconf 86' lang='lat' dir='ltr'>itaque</span> <span class='ocrx_word' id='word_1_147' title='bbox 470 2799 609 2881; x_wconf 83' lang='lat' dir='ltr'>uerbis</span> <span class='ocrx_word' id='word_1_148' title='bbox 641 2800 741 2880; x_wconf 86' lang='lat' dir='ltr'>Bela</span> <span class='ocrx_word' id='word_1_149' title='bbox 772 2801 978 2903; x_wconf 83' lang='lat' dir='ltr'>adlinitus‚</span> <span class='ocrx_word' id='word_1_150' title='bbox 1023 2829 1117 2882; x_wconf 90' lang='lat' dir='ltr'>oum</span> <span class='ocrx_word' id='word_1_151' title='bbox 1161 2801 1274 2881; x_wconf 89' lang='lat' dir='ltr'>omni</span> <span class='ocrx_word' id='word_1_152' title='bbox 1316 2799 1471 2882; x_wconf 80' lang='lat' dir='ltr'>iarnilia</span> <span class='ocrx_word' id='word_1_153' title='bbox 1510 2825 1586 2883; x_wconf 90' lang='lat' dir='ltr'>sua</span> 
     </span>
     <span class='ocr_line' id='line_1_20' title="bbox 175 2919 1586 3029; baseline 0.002 -28"><span class='ocrx_word' id='word_1_154' title='bbox 175 2921 297 3002; x_wconf 93' lang='lat' dir='ltr'>uenit</span> <span class='ocrx_word' id='word_1_155' title='bbox 328 2919 378 3001; x_wconf 87' lang='lat' dir='ltr'>ad</span> <span class='ocrx_word' id='word_1_156' title='bbox 413 2949 565 3028; x_wconf 84' lang='lat' dir='ltr'>regern.</span> <span class='ocrx_word' id='word_1_157' title='bbox 592 2919 724 3018; x_wconf 77' lang='lat' dir='ltr'>Quem</span> <span class='ocrx_word' id='word_1_158' title='bbox 745 2951 818 3004; x_wconf 85' lang='lat' dir='ltr'>rex</span> <span class='ocrx_word' id='word_1_159' title='bbox 838 2923 984 3005; x_wconf 84' lang='lat' dir='ltr'>uidens</span> <span class='ocrx_word' id='word_1_160' title='bbox 1001 2923 1170 3029; x_wconf 85' lang='lat' dir='ltr'>gauisus</span> <span class='ocrx_word' id='word_1_161' title='bbox 1189 2936 1251 3005; x_wconf 87' lang='lat' dir='ltr'>est</span> <span class='ocrx_word' id='word_1_162' title='bbox 1268 2922 1418 3028; x_wconf 88' lang='lat' dir='ltr'>gaudio</span> <span class='ocrx_word' id='word_1_163' title='bbox 1436 2947 1586 3028; x_wconf 86' lang='lat' dir='ltr'>magno</span> 
     </span>
     <span class='ocr_line' id='line_1_21' title="bbox 176 3043 1585 3150; baseline -0.001 -25"><span class='ocrx_word' id='word_1_164' title='bbox 176 3043 312 3144; x_wconf 87' lang='lat' dir='ltr'>ualde,</span> <span class='ocrx_word' id='word_1_165' title='bbox 347 3044 443 3150; x_wconf 87' lang='lat' dir='ltr'>quia</span> <span class='ocrx_word' id='word_1_166' title='bbox 476 3045 654 3126; x_wconf 90' lang='lat' dir='ltr'>fraterno</span> <span class='ocrx_word' id='word_1_167' title='bbox 686 3045 854 3126; x_wconf 85' lang='lat' dir='ltr'>fulcitus</span> <span class='ocrx_word' id='word_1_168' title='bbox 897 3060 959 3128; x_wconf 89' lang='lat' dir='ltr'>est</span> <span class='ocrx_word' id='word_1_169' title='bbox 1000 3045 1158 3126; x_wconf 88' lang='lat' dir='ltr'>robore.</span> <span class='ocrx_word' id='word_1_170' title='bbox 1207 3045 1302 3126; x_wconf 87' lang='lat' dir='ltr'>Post</span> <span class='ocrx_word' id='word_1_171' title='bbox 1334 3045 1411 3125; x_wconf 86' lang='lat' dir='ltr'>hee</span> <span class='ocrx_word' id='word_1_172' title='bbox 1444 3057 1585 3126; x_wconf 79' lang='lat' dir='ltr'>autern</span> 
     </span>
     <span class='ocr_line' id='line_1_22' title="bbox 176 3166 1585 3272; baseline 0 -26"><span class='ocrx_word' id='word_1_173' title='bbox 176 3193 252 3246; x_wconf 86' lang='lat' dir='ltr'>rex</span> <span class='ocrx_word' id='word_1_174' title='bbox 285 3178 327 3246; x_wconf 88' lang='lat' dir='ltr'>et</span> <span class='ocrx_word' id='word_1_175' title='bbox 357 3167 482 3248; x_wconf 88' lang='lat' dir='ltr'>frater</span> <span class='ocrx_word' id='word_1_176' title='bbox 513 3167 601 3249; x_wconf 86' lang='lat' dir='ltr'>eius</span> <span class='ocrx_word' id='word_1_177' title='bbox 635 3167 733 3248; x_wconf 89' lang='lat' dir='ltr'>Bela</span> <span class='ocrx_word' id='word_1_178' title='bbox 765 3167 905 3248; x_wconf 87' lang='lat' dir='ltr'>habito</span> <span class='ocrx_word' id='word_1_179' title='bbox 939 3167 1109 3250; x_wconf 87' lang='lat' dir='ltr'>consilio</span> <span class='ocrx_word' id='word_1_180' title='bbox 1150 3166 1380 3250; x_wconf 87' lang='lat' dir='ltr'>diuiserunt</span> <span class='ocrx_word' id='word_1_181' title='bbox 1411 3193 1585 3272; x_wconf 86' lang='lat' dir='ltr'>regnum</span> 
     </span>
     <span class='ocr_line' id='line_1_23' title="bbox 176 3287 1584 3398; baseline 0.001 -30"><span class='ocrx_word' id='word_1_182' title='bbox 176 3287 218 3368; x_wconf 95' lang='lat' dir='ltr'>in</span> <span class='ocrx_word' id='word_1_183' title='bbox 250 3300 332 3369; x_wconf 87' lang='lat' dir='ltr'>tres</span> <span class='ocrx_word' id='word_1_184' title='bbox 364 3301 513 3396; x_wconf 81' lang='lat' dir='ltr'>partes,</span> <span class='ocrx_word' id='word_1_185' title='bbox 547 3315 723 3396; x_wconf 86' lang='lat' dir='ltr'>quarum</span> <span class='ocrx_word' id='word_1_186' title='bbox 756 3290 837 3371; x_wconf 91' lang='lat' dir='ltr'>due</span> <span class='ocrx_word' id='word_1_187' title='bbox 872 3290 911 3370; x_wconf 92' lang='lat' dir='ltr'>in</span> <span class='ocrx_word' id='word_1_188' title='bbox 944 3289 1237 3398; x_wconf 83' lang='lat' dir='ltr'>proprietatem</span> <span class='ocrx_word' id='word_1_189' title='bbox 1266 3287 1374 3394; x_wconf 86' lang='lat' dir='ltr'>regie</span> <span class='ocrx_word' id='word_1_190' title='bbox 1393 3287 1584 3370; x_wconf 90' lang='lat' dir='ltr'>maiesta-</span> 
     </span>
     <span class='ocr_line' id='line_1_24' title="bbox 175 3409 1585 3519; baseline 0.001 -27"><span class='ocrx_word' id='word_1_191' title='bbox 175 3409 227 3492; x_wconf 85' lang='lat' dir='ltr'>tis</span> <span class='ocrx_word' id='word_1_192' title='bbox 258 3435 334 3493; x_wconf 86' lang='lat' dir='ltr'>seu</span> <span class='ocrx_word' id='word_1_193' title='bbox 367 3410 580 3518; x_wconf 87' lang='lat' dir='ltr'>potestatis</span> <span class='ocrx_word' id='word_1_194' title='bbox 614 3425 865 3512; x_wconf 87' lang='lat' dir='ltr'>manserunt,</span> <span class='ocrx_word' id='word_1_195' title='bbox 899 3412 1019 3493; x_wconf 87' lang='lat' dir='ltr'>tertia</span> <span class='ocrx_word' id='word_1_196' title='bbox 1050 3437 1150 3494; x_wconf 91' lang='lat' dir='ltr'>uero</span> <span class='ocrx_word' id='word_1_197' title='bbox 1181 3435 1275 3519; x_wconf 87' lang='lat' dir='ltr'>pars</span> <span class='ocrx_word' id='word_1_198' title='bbox 1316 3409 1359 3492; x_wconf 93' lang='lat' dir='ltr'>in</span> <span class='ocrx_word' id='word_1_199' title='bbox 1401 3410 1585 3518; x_wconf 89' lang='lat' dir='ltr'>proprie·</span> 
     </span>
     <span class='ocr_line' id='line_1_25' title="bbox 174 3531 1584 3641; baseline 0 -27"><span class='ocrx_word' id='word_1_200' title='bbox 174 3545 302 3614; x_wconf 85' lang='lat' dir='ltr'>tatem</span> <span class='ocrx_word' id='word_1_201' title='bbox 336 3531 453 3614; x_wconf 86' lang='lat' dir='ltr'>ducis</span> <span class='ocrx_word' id='word_1_202' title='bbox 486 3547 549 3616; x_wconf 88' lang='lat' dir='ltr'>est</span> <span class='ocrx_word' id='word_1_203' title='bbox 580 3533 740 3618; x_wconf 87' lang='lat' dir='ltr'>collata.</span> <span class='ocrx_word' id='word_1_204' title='bbox 773 3533 861 3616; x_wconf 87' lang='lat' dir='ltr'>Heo</span> <span class='ocrx_word' id='word_1_205' title='bbox 895 3534 1015 3640; x_wconf 89' lang='lat' dir='ltr'>igitur</span> <span class='ocrx_word' id='word_1_206' title='bbox 1046 3533 1179 3641; x_wconf 87' lang='lat' dir='ltr'>prima</span> <span class='ocrx_word' id='word_1_207' title='bbox 1211 3531 1324 3639; x_wconf 88' lang='lat' dir='ltr'>regni</span> <span class='ocrx_word' id='word_1_208' title='bbox 1367 3532 1490 3615; x_wconf 89' lang='lat' dir='ltr'>huius</span> <span class='ocrx_word' id='word_1_209' title='bbox 1523 3532 1584 3614; x_wconf 93' lang='lat' dir='ltr'>di·</span> 
     </span>
     <span class='ocr_line' id='line_1_26' title="bbox 175 3653 1584 3762; baseline 0.001 -26"><span class='ocrx_word' id='word_1_210' title='bbox 175 3654 282 3740; x_wconf 89' lang='lat' dir='ltr'>uisio</span> <span class='ocrx_word' id='word_1_211' title='bbox 315 3655 582 3738; x_wconf 86' lang='lat' dir='ltr'>seminarium</span> <span class='ocrx_word' id='word_1_212' title='bbox 614 3655 692 3738; x_wconf 88' lang='lat' dir='ltr'>fuit</span> <span class='ocrx_word' id='word_1_213' title='bbox 723 3656 924 3739; x_wconf 86' lang='lat' dir='ltr'>discordie</span> <span class='ocrx_word' id='word_1_214' title='bbox 958 3669 998 3736; x_wconf 86' lang='lat' dir='ltr'>et</span> <span class='ocrx_word' id='word_1_215' title='bbox 1030 3681 1269 3762; x_wconf 87' lang='lat' dir='ltr'>guerrarum</span> <span class='ocrx_word' id='word_1_216' title='bbox 1317 3655 1424 3737; x_wconf 91' lang='lat' dir='ltr'>inter</span> <span class='ocrx_word' id='word_1_217' title='bbox 1455 3653 1584 3738; x_wconf 86' lang='lat' dir='ltr'>duces</span> 
     </span>
     <span class='ocr_line' id='line_1_27' title="bbox 174 3776 1583 3887; baseline -0.001 -27"><span class='ocrx_word' id='word_1_218' title='bbox 174 3788 216 3860; x_wconf 91' lang='lat' dir='ltr'>et</span> <span class='ocrx_word' id='word_1_219' title='bbox 249 3803 369 3883; x_wconf 87' lang='lat' dir='ltr'>reges</span> <span class='ocrx_word' id='word_1_220' title='bbox 401 3776 623 3884; x_wconf 88' lang='lat' dir='ltr'>Hungarie.</span> <span class='ocrx_word' id='word_1_221' title='bbox 656 3776 714 3858; x_wconf 85' lang='lat' dir='ltr'>Eo</span> <span class='ocrx_word' id='word_1_222' title='bbox 748 3793 934 3887; x_wconf 85' lang='lat' dir='ltr'>ternpore</span> <span class='ocrx_word' id='word_1_223' title='bbox 968 3805 1042 3859; x_wconf 84' lang='lat' dir='ltr'>rex</span> <span class='ocrx_word' id='word_1_224' title='bbox 1075 3779 1262 3884; x_wconf 81' lang='lat' dir='ltr'>Andreas</span> <span class='ocrx_word' id='word_1_225' title='bbox 1295 3777 1413 3860; x_wconf 83' lang='lat' dir='ltr'>iuxta</span> <span class='ocrx_word' id='word_1_226' title='bbox 1445 3777 1583 3860; x_wconf 88' lang='lat' dir='ltr'>lacurn</span> 
     </span>
     <span class='ocr_line' id='line_1_28' title="bbox 175 3898 1584 4004; baseline 0.001 -24"><span class='ocrx_word' id='word_1_227' title='bbox 175 3898 354 3982; x_wconf 87' lang='lat' dir='ltr'>Balatun</span> <span class='ocrx_word' id='word_1_228' title='bbox 387 3899 620 3983; x_wconf 76' lang='lat' dir='ltr'>construxit</span> <span class='ocrx_word' id='word_1_229' title='bbox 661 3901 955 3984; x_wconf 86' lang='lat' dir='ltr'>monasterium</span> <span class='ocrx_word' id='word_1_230' title='bbox 990 3899 1030 3981; x_wconf 95' lang='lat' dir='ltr'>in</span> <span class='ocrx_word' id='word_1_231' title='bbox 1064 3899 1219 3982; x_wconf 88' lang='lat' dir='ltr'>honore</span> <span class='ocrx_word' id='word_1_232' title='bbox 1252 3900 1384 3982; x_wconf 86' lang='lat' dir='ltr'>sancti</span> <span class='ocrx_word' id='word_1_233' title='bbox 1420 3900 1584 4004; x_wconf 84' lang='lat' dir='ltr'>Auiani,</span> 
     </span>
     <span class='ocr_line' id='line_1_29' title="bbox 175 4021 1583 4130; baseline 0.001 -28"><span class='ocrx_word' id='word_1_234' title='bbox 175 4021 217 4103; x_wconf 91' lang='lat' dir='ltr'>in</span> <span class='ocrx_word' id='word_1_235' title='bbox 249 4021 341 4104; x_wconf 87' lang='lat' dir='ltr'>loco</span> <span class='ocrx_word' id='word_1_236' title='bbox 374 4021 446 4130; x_wconf 91' lang='lat' dir='ltr'>qui</span> <span class='ocrx_word' id='word_1_237' title='bbox 478 4021 628 4103; x_wconf 90' lang='lat' dir='ltr'>dieitur</span> <span class='ocrx_word' id='word_1_238' title='bbox 658 4022 815 4130; x_wconf 87' lang='lat' dir='ltr'>Tyhon.</span> <span class='ocrx_word' id='word_1_239' title='bbox 843 4021 975 4106; x_wconf 84' lang='lat' dir='ltr'>Duxit</span> <span class='ocrx_word' id='word_1_240' title='bbox 1002 4037 1140 4106; x_wconf 86' lang='lat' dir='ltr'>auteur</span> <span class='ocrx_word' id='word_1_241' title='bbox 1170 4022 1246 4105; x_wconf 85' lang='lat' dir='ltr'>sibi</span> <span class='ocrx_word' id='word_1_242' title='bbox 1267 4049 1440 4104; x_wconf 85' lang='lat' dir='ltr'>uxorem</span> <span class='ocrx_word' id='word_1_243' title='bbox 1458 4022 1583 4104; x_wconf 88' lang='lat' dir='ltr'>filiam</span> 
     </span>
     <span class='ocr_line' id='line_1_30' title="bbox 175 4143 1584 4254; baseline 0.001 -28"><span class='ocrx_word' id='word_1_244' title='bbox 175 4143 292 4226; x_wconf 90' lang='lat' dir='ltr'>ducis</span> <span class='ocrx_word' id='word_1_245' title='bbox 324 4143 622 4245; x_wconf 78' lang='lat' dir='ltr'>Rutbenonnn,</span> <span class='ocrx_word' id='word_1_246' title='bbox 663 4145 715 4226; x_wconf 91' lang='lat' dir='ltr'>de</span> <span class='ocrx_word' id='word_1_247' title='bbox 748 4171 831 4254; x_wconf 89' lang='lat' dir='ltr'>qua</span> <span class='ocrx_word' id='word_1_248' title='bbox 870 4144 1014 4252; x_wconf 87' lang='lat' dir='ltr'>genuit</span> <span class='ocrx_word' id='word_1_249' title='bbox 1064 4143 1329 4227; x_wconf 85' lang='lat' dir='ltr'>Salomonem</span> <span class='ocrx_word' id='word_1_250' title='bbox 1362 4159 1404 4226; x_wconf 89' lang='lat' dir='ltr'>et</span> <span class='ocrx_word' id='word_1_251' title='bbox 1435 4143 1584 4227; x_wconf 87' lang='lat' dir='ltr'>Dauid.</span> 
     </span>
     <span class='ocr_line' id='line_1_31' title="bbox 177 4263 1587 4374; baseline 0.001 -28"><span class='ocrx_word' id='word_1_252' title='bbox 177 4263 239 4348; x_wconf 86' lang='lat' dir='ltr'>De</span> <span class='ocrx_word' id='word_1_253' title='bbox 272 4267 507 4349; x_wconf 86' lang='lat' dir='ltr'>concubina</span> <span class='ocrx_word' id='word_1_254' title='bbox 538 4279 678 4347; x_wconf 86' lang='lat' dir='ltr'>antem</span> <span class='ocrx_word' id='word_1_255' title='bbox 712 4295 838 4374; x_wconf 86' lang='lat' dir='ltr'>quarn</span> <span class='ocrx_word' id='word_1_256' title='bbox 871 4267 1016 4350; x_wconf 88' lang='lat' dir='ltr'>habuit</span> <span class='ocrx_word' id='word_1_257' title='bbox 1051 4266 1102 4348; x_wconf 92' lang='lat' dir='ltr'>de</span> <span class='ocrx_word' id='word_1_258' title='bbox 1135 4267 1235 4348; x_wconf 84' lang='lat' dir='ltr'>uilla</span> <span class='ocrx_word' id='word_1_259' title='bbox 1267 4266 1426 4348; x_wconf 84' lang='lat' dir='ltr'>Meroth</span> <span class='ocrx_word' id='word_1_260' title='bbox 1444 4267 1587 4374; x_wconf 88' lang='lat' dir='ltr'>genuit</span> 
     </span>
     <span class='ocr_line' id='line_1_32' title="bbox 178 4387 1585 4498; baseline -0.001 -28"><span class='ocrx_word' id='word_1_261' title='bbox 178 4388 413 4496; x_wconf 86' lang='lat' dir='ltr'>Georgium.</span> <span class='ocrx_word' id='word_1_262' title='bbox 445 4387 568 4470; x_wconf 88' lang='lat' dir='ltr'>Porro</span> <span class='ocrx_word' id='word_1_263' title='bbox 601 4389 688 4471; x_wconf 84' lang='lat' dir='ltr'>dux</span> <span class='ocrx_word' id='word_1_264' title='bbox 722 4389 821 4471; x_wconf 88' lang='lat' dir='ltr'>Bela</span> <span class='ocrx_word' id='word_1_265' title='bbox 853 4389 894 4470; x_wconf 93' lang='lat' dir='ltr'>iu</span> <span class='ocrx_word' id='word_1_266' title='bbox 928 4388 1096 4470; x_wconf 87' lang='lat' dir='ltr'>Polonia</span> <span class='ocrx_word' id='word_1_267' title='bbox 1129 4389 1271 4495; x_wconf 84' lang='lat' dir='ltr'>genuit</span> <span class='ocrx_word' id='word_1_268' title='bbox 1304 4389 1453 4472; x_wconf 87' lang='lat' dir='ltr'>liberos</span> <span class='ocrx_word' id='word_1_269' title='bbox 1477 4389 1585 4498; x_wconf 88' lang='lat' dir='ltr'>Gey-</span> 
     </span>
     <span class='ocr_line' id='line_1_33' title="bbox 179 4505 1583 4619; baseline -0.001 -27"><span class='ocrx_word' id='word_1_270' title='bbox 179 4535 265 4592; x_wconf 88' lang='lat' dir='ltr'>sam</span> <span class='ocrx_word' id='word_1_271' title='bbox 278 4505 308 4616; x_wconf 88' lang='lat'>¹)</span> <span class='ocrx_word' id='word_1_272' title='bbox 342 4521 384 4592; x_wconf 90' lang='lat' dir='ltr'>ct</span> <span class='ocrx_word' id='word_1_273' title='bbox 416 4509 953 4617; x_wconf 87' lang='lat' dir='ltr'>Ladizlaum.InHungaria</span> <span class='ocrx_word' id='word_1_274' title='bbox 985 4524 1125 4593; x_wconf 88' lang='lat' dir='ltr'>autern</span> <span class='ocrx_word' id='word_1_275' title='bbox 1158 4510 1300 4617; x_wconf 84' lang='lat' dir='ltr'>genuit</span> <span class='ocrx_word' id='word_1_276' title='bbox 1316 4509 1583 4619; x_wconf 82' lang='lat' dir='ltr'>Larnpertunr</span> 
     </span>
     <span class='ocr_line' id='line_1_34' title="bbox 180 4629 1584 4742; baseline 0.003 -29"><span class='ocrx_word' id='word_1_277' title='bbox 180 4645 220 4714; x_wconf 89' lang='lat' dir='ltr'>et</span> <span class='ocrx_word' id='word_1_278' title='bbox 249 4633 366 4716; x_wconf 84' lang='lat' dir='ltr'>filias.</span> <span class='ocrx_word' id='word_1_279' title='bbox 402 4629 693 4741; x_wconf 88' lang='lat' dir='ltr'>Viuebantque</span> <span class='ocrx_word' id='word_1_280' title='bbox 734 4661 808 4714; x_wconf 79' lang='lat' dir='ltr'>rex</span> <span class='ocrx_word' id='word_1_281' title='bbox 851 4647 892 4714; x_wconf 86' lang='lat' dir='ltr'>et</span> <span class='ocrx_word' id='word_1_282' title='bbox 933 4632 1020 4714; x_wconf 82' lang='lat' dir='ltr'>dux</span> <span class='ocrx_word' id='word_1_283' title='bbox 1061 4634 1102 4714; x_wconf 94' lang='lat' dir='ltr'>in</span> <span class='ocrx_word' id='word_1_284' title='bbox 1145 4659 1295 4740; x_wconf 87' lang='lat' dir='ltr'>magna</span> <span class='ocrx_word' id='word_1_285' title='bbox 1326 4633 1440 4742; x_wconf 84' lang='lat' dir='ltr'>pacis</span> <span class='ocrx_word' id='word_1_286' title='bbox 1472 4647 1584 4718; x_wconf 86' lang='lat' dir='ltr'>trau·</span> 
     </span>
     <span class='ocr_line' id='line_1_35' title="bbox 183 4753 398 4864; baseline -0.019 -25"><span class='ocrx_word' id='word_1_287' title='bbox 183 4753 398 4864; x_wconf 85' lang='lat' dir='ltr'>quiliitate.</span> 
     </span>
    </p>
   </div>
   <div class='ocr_carea' id='block_1_3' title="bbox 184 4942 373 4954">
    <p class='ocr_par' dir='ltr' id='par_1_4' title="bbox 184 4942 373 4954">
     <span class='ocr_line' id='line_1_36' title="bbox 184 4942 373 4954; baseline 0 -2"><span class='ocrx_word' id='word_1_288' title='bbox 184 4942 328 4954; x_wconf 60' lang='lat'><em>--..--</em></span> <span class='ocrx_word' id='word_1_289' title='bbox 344 4946 373 4954; x_wconf 80' lang='grc'>..-</span> 
     </span>
    </p>
   </div>
   <div class='ocr_carea' id='block_1_4' title="bbox 289 5007 502 5114">
    <p class='ocr_par' dir='ltr' id='par_1_5' title="bbox 289 5007 502 5114">
     <span class='ocr_line' id='line_1_37' title="bbox 289 5007 502 5114; baseline -0.014 -24"><span class='ocrx_word' id='word_1_290' title='bbox 289 5007 314 5114; x_wconf 87' lang='lat'>¹)</span> <span class='ocrx_word' id='word_1_291' title='bbox 343 5014 502 5110; x_wconf 81' lang='lat' dir='ltr'>Geyzam.</span> 
     </span>
    </p>
   </div>
   <div class='ocr_carea' id='block_1_5' title="bbox 0 0 1961 5758">
    <p class='ocr_par' dir='ltr' id='par_1_6' title="bbox 0 0 1961 5758">
     <span class='ocr_line' id='line_1_38' title="bbox 0 0 1961 5758; baseline 0 0"><span class='ocrx_word' id='word_1_292' title='bbox 0 0 1961 5758; x_wconf 95' lang='lat' dir='ltr'> </span> 
     </span>
    </p>
   </div>
  </div>
 </body>
</html>
