3896 5758
1000 461 1157 585 ug

374 720 449 776 rex
480 687 666 802 'Magnus
709 695 843 780 missis
883 687 1046 780 nunciis
1083 697 1136 778 ad
1174 723 1314 802 regem
1348 691 1611 776 Salomonem
1647 691 1780 802 expli·

375 817 486 898 cauit
518 819 556 898 ei
587 846 662 925 per
692 819 830 901 literas
863 820 1035 901 modum
1067 819 1181 927 pacis
1223 831 1500 925 pretaxatum.
1533 818 1580 898 ln
1614 845 1781 899 curren·

374 939 484 1021 tibus
516 941 656 1047 itaque
688 942 862 1044 nunciis,
891 956 932 1022 et
963 942 1197 1048 superbae
1229 967 1272 1020 re
1305 939 1479 1022 diuersis
1506 939 1671 1020 diuersa
1688 968 1781 1021 seu·

375 1061 590 1162 cientibus,
625 1063 892 1171 eonsumpcio
924 1061 1269 1144 reconciliationis
1303 1061 1497 1142 effectum
1530 1061 1665 1142 sortiri
1698 1087 1780 1142 uon

373 1184 520 1290 potuit.
552 1184 716 1266 Interea
747 1212 822 1266 rex
854 1183 1028 1290 Magnus
1060 1185 1102 1265 in
1135 1211 1303 1290 grauem
1333 1183 1606 1288 egritudinem
1626 1183 1778 1282 incidit,

374 1317 415 1385 et
445 1305 567 1388 Vll-0
605 1306 813 1388 Kalendas
854 1305 948 1416 blay
991 1307 1102 1388 uiam
1149 1306 1281 1387 carnis
1322 1305 1517 1387 uniuerse
1559 1305 1781 1387 uirtutibus

372 1428 595 1510 adornatus
628 1443 690 1510 est
720 1429 939 1532 ingressus.
973 1429 1069 1509 Erat
1102 1428 1213 1508 enim
1245 1427 1326 1506 fide
1356 1427 1594 1528 catholicus,
1613 1427 1691 1507 deo
1709 1427 1780 1506 de·

373 1547 624 1653 notissimus,
658 1564 700 1630 et
732 1551 923 1656 princeps
943 1549 1316 1631 christianissimus.
1328 1547 1531 1653 Reguauit
1547 1560 1686 1628 autem
1707 1548 1777 1629 tri·

373 1673 451 1752 bus
494 1672 624 1772 annis,
659 1686 699 1752 et
730 1671 856 1752 Vacie
905 1673 1134 1754 tumulatus
1181 1671 1223 1750 in
1274 1670 1448 1751 ecclesia
1499 1669 1543 1750 B.
1592 1669 1780 1775 Virginis

373 1819 497 1902 quam
530 1792 619 1901 ipse
652 1794 892 1876 construxit.
928 1795 974 1875 ln
1008 1795 1140 1901 primo
1174 1793 1295 1873 etiam
1331 1793 1569 1896 annoregni
1595 1792 1658 1873 sui
1677 1793 1781 1873 uali-

372 1915 541 1997 dissima
572 1916 705 1997 fames
736 1942 910 2022 regnum
944 1916 1153 2020 Hungarie
1187 1913 1344 1996 afflixit.

481 2177 605 2258 LXII.
639 2169 839 2253 Sanetus
865 2172 1115 2254 Ladizlaus
1142 2177 1390 2254 coronatur
1416 2171 1463 2250 in
1490 2192 1662 2274 regem.

529 2404 623 2511 (93)
659 2404 812 2486 Audita
843 2431 942 2486 uero
974 2417 1105 2485 morte
1139 2403 1244 2507 regis
1277 2401 1413 2508 Magni
1458 2402 1653 2484 conuenit
1686 2401 1777 2483 uni-

371 2554 493 2610 uersa
525 2526 747 2608 multitudo
779 2527 979 2607 nobilium
1013 2526 1222 2630 Hungarie
1256 2525 1307 2605 ad
1339 2527 1505 2606 fratrem
1532 2525 1619 2606 eius
1637 2525 1779 2604 Ladiz·

371 2649 496 2752 laum,
531 2659 572 2728 et
604 2675 700 2729 eum
734 2649 944 2729 communi
978 2673 1195 2746 consensu,
1237 2646 1356 2754 parili
1393 2659 1490 2728 uoto
1524 2658 1565 2728 et
1597 2673 1777 2728 consona

371 2771 587 2852 uoluntate
620 2769 671 2850 ad
704 2771 1015 2878 suscipiendum
1033 2771 1148 2875 regni
1164 2769 1491 2874 gubernaculum
1523 2769 1779 2850 concorditer

372 2893 607 2998 elegerunt3
640 2917 737 3000 ymo
769 2919 868 2973 uero
902 2892 1031 2997 magis
1073 2891 1422 2973 affectuosissimis
1461 2904 1502 2971 ct
1533 2890 1776 2974 instantissi-

370 3014 449 3096 mis
488 3014 682 3122 precibus
723 3014 1009 3122 conpulerunt.
1056 3012 1212 3095 Omnes
1261 3013 1370 3094 enim
1405 3025 1608 3094 nouerant
1639 3013 1776 3120 ipsum

371 3163 462 3219 esse
494 3135 691 3218 uestitum
727 3136 1045 3218 consumacione
1078 3136 1291 3238 uirtutum,
1310 3135 1391 3215 fide
1409 3135 1671 3237 catholicum,
1691 3134 1776 3242 pie-

370 3271 453 3340 tate
486 3258 744 3366 precipuum,
777 3258 962 3362 largitate
996 3257 1250 3359 munificum,
1285 3255 1452 3338 caritate
1491 3257 1774 3364 conspicuum.

369 3380 549 3461 Emicuit
580 3381 735 3487 quippe
768 3380 886 3486 quasi
918 3379 1037 3460 stella
1068 3379 1271 3460 matutina
1302 3379 1344 3459 in
1377 3379 1513 3460 medio
1530 3379 1696 3480 nebule,
1714 3381 1774 3460 su·

370 3529 470 3608 gans
503 3503 613 3583 tedia
644 3503 920 3604 tenebrarum,
954 3515 995 3580 et
1027 3501 1145 3608 qnasi
1177 3501 1277 3582 luna
1302 3500 1610 3607 plenalucetin
1630 3501 1773 3583 diebus

370 3625 467 3726 suis,
499 3624 615 3705 velut
647 3623 770 3704 etiam
803 3623 862 3706 sol
896 3623 1115 3727 refulgens,
1149 3622 1208 3705 sic
1240 3623 1392 3704 effulsit
1424 3623 1465 3703 in
1490 3623 1646 3730 populo
1679 3649 1772 3724 su03

370 3745 488 3853 quasi
520 3745 648 3852 adeps
682 3757 895 3852 separatus
927 3771 952 3825 a
985 3771 1118 3828 carue.
1163 3743 1215 3824 Et
1247 3772 1343 3826 cum
1375 3744 1566 3826 leonibus
1600 3761 1642 3826 et
1672 3745 1772 3827 ursi·

370 3868 449 3949 bus
481 3867 579 3949 lusit
611 3867 728 3973 quasi
761 3894 857 3948 cum
891 3867 1005 3972 agnis
1039 3866 1192 3948 ouium.
1236 3866 1446 3974 Numquid
1497 3893 1580 3947 non
1629 3867 1774 3948 oceidit

370 4000 588 4098 gygantem
624 3999 665 4068 et
696 3987 866 4070 abstulit
882 3989 1149 4096 obprobrium
1168 4015 1222 4068 ex
1239 3989 1392 4071 lsrael?
1425 3987 1639 4070 Conuertit
1667 3990 1773 4070 euim

369 4111 558 4192 inimicos
590 4135 687 4192 suos
721 4110 916 4217 undique,
935 4124 976 4190 et
993 4111 1238 4217 exstirpauit
1264 4110 1530 4192 aduersarios.
1551 4110 1650 4192 Erat
1667 4112 1772 4192 euim

369 4260 544 4339 magnus
577 4233 808 4314 secundum
840 4259 993 4313 nomen
1027 4260 1148 4315 suum
1183 4233 1427 4314 maximum.
1460 4231 1564 4312 Nam
1599 4233 1633 4314 si
1660 4233 1772 4342 ethy-

369 4355 546 4460 mologie
578 4353 756 4436 nominis
789 4354 877 4436 eius
910 4354 1156 4436 alludamus.
1188 4354 1414 4458 LadizlauS,
1449 4355 1565 4460 quasi
1598 4355 1690 4438 laus
1716 4355 1773 4435 di·

368 4477 524 4560 uinitus
557 4477 653 4557 data
683 4475 840 4584 populo
872 4476 1032 4559 dicitur.
1077 4477 1182 4557 Laos
1217 4476 1326 4557 enim
1360 4475 1540 4584 populus
1573 4475 1773 4586 iuterpre-

367 4611 487 4703 tatur,
521 4599 630 4681 dosis
663 4612 802 4680 autem
836 4598 949 4700 dans,
968 4598 1035 4679 vel
1052 4598 1181 4700 dacio,
1215 4599 1303 4680 siue
1336 4599 1492 4679 datum.
1511 4597 1645 4679 Prima
1664 4601 1772 4681 enim

367 4720 513 4804 sillaba
542 4719 720 4802 nominis
754 4720 843 4802 eius
874 4719 965 4801 laus
998 4734 1060 4802 est
1091 4748 1165 4827 per
1196 4747 1440 4828 paragogen.
1489 4719 1540 4801 Et
1579 4723 1772 4828 quamuis

367 4843 505 4950 ipsum
535 4842 720 4948 Hungari
752 4843 793 4923 in
827 4869 964 4948 regem
998 4842 1157 4949 absque
1190 4843 1404 4924 uoluntate
1437 4870 1513 4926 sua
1545 4843 1769 4950 elegerunt,

366 4991 582 5074 nunquam
623 4977 763 5044 tamen
806 4964 846 5043 in
890 4963 1024 5072 capite
1067 4989 1142 5046 suo
1175 4991 1369 5046 coronam
1411 4965 1560 5072 posuit,
1603 4981 1769 5076 propter
