3900 5762
172 709 249 793 bria
281 709 499 819 requieuit,
532 709 862 819 speculatoribus
894 712 979 795 suis
1012 713 1052 794 in
1086 712 1233 796 muudi
1262 727 1440 822 quatuor
1470 739 1564 824 par·

169 851 218 916 tes
253 834 492 915 distributis,
526 831 841 940 speculatorum
875 833 1082 941 siquidem
1117 837 1250 944 prima
1282 835 1457 918 societas
1500 864 1565 918 or·

169 956 330 1037 diuatim
365 955 416 1036 de
449 953 687 1057 SicambrIa
720 955 761 1036 in
796 969 1000 1063 quantum
1022 957 1145 1040 unius
1165 958 1320 1039 elamor
1352 958 1404 1039 ad
1437 957 1564 1041 alium

169 1079 291 1160 audiri
324 1078 537 1185 potuisset,
571 1075 740 1158 Colonia
773 1077 994 1159 Germanie
1038 1079 1204 1161 ciuitate
1241 1079 1307 1161 die
1350 1107 1399 1162 ao
1443 1097 1565 1164 noete

170 1215 267 1282 stare
301 1212 591 1298 consueuerat3
624 1198 752 1280 altera
777 1225 911 1306 usque
940 1201 1124 1302 Lituam3
1150 1202 1271 1283 tertia
1295 1201 1337 1282 in
1363 1200 1456 1284 Dan
1489 1203 1565 1306 flu·

169 1323 216 1402 uii
249 1323 382 1422 litore3
426 1335 572 1429 quarta
611 1347 709 1402 vero
749 1319 874 1402 dedra
923 1323 1089 1404 ciuitate
1122 1322 1329 1406 Dalmatia
1368 1326 1565 1408 stationes

169 1445 349 1528 laniabat.
382 1443 567 1538 Quorum
601 1469 703 1525 voce
737 1458 779 1524 et
811 1443 990 1526 elamore
1024 1445 1124 1552 quid
1155 1445 1303 1526 Ethela
1324 1463 1473 1552 ageret,
1492 1475 1568 1530 seu

170 1567 269 1672 quali
305 1565 589 1648 exercitationi
622 1565 785 1648 deditus
819 1579 939 1669 esset,
973 1565 1118 1648 mundi
1143 1582 1281 1676 partes
1299 1582 1477 1676 quatuor
1492 1593 1567 1679 po·

170 1689 336 1770 tuissent
369 1687 560 1796 experiri.

725 1911 903 1996 CAPUT
933 1913 1002 1996 IV.

629 2169 1110 2250 Inuidentla

323 2419 390 2502 12.
423 2416 633 2500 Pannonie
666 2417 850 2500 Pamfilie
896 2416 1139 2500 Macedonia
1171 2417 1377 2502 Dalmatie
1411 2433 1453 2501 et
1483 2419 1570 2502 Fri·

174 2544 228 2648 gie
259 2544 449 2624 oiuitates
483 2567 565 2648 que
599 2539 750 2622 erebris
784 2541 924 2647 spoliis
958 2553 1000 2622 et
1031 2541 1315 2625 obsidionibus
1333 2568 1409 2651 per
1424 2539 1571 2625 Hunos

175 2679 281 2747 eraut
311 2664 491 2770 fatigate,
523 2662 650 2743 natali
682 2662 769 2744 solo
802 2662 997 2743 derelicto
1030 2663 1070 2743 in
1106 2662 1301 2771 Apuliam
1335 2691 1409 2772 per
1457 2691 1571 2746 mare

176 2787 421 2869 Adriaticum
455 2786 507 2866 de
538 2785 685 2866 Ethela
714 2784 882 2866 lieentia
912 2785 1130 2892 impetrata
1173 2785 1446 2888 transierunt3
1478 2787 1571 2868 Bla-

177 2910 265 3012 clis‚
299 2909 371 3016 qui
404 2909 587 3016 ipsorum
618 2907 734 2988 fuere
766 2922 952 3014 pastores
994 2919 1036 2988 et
1078 2907 1212 2989 coloni
1259 2909 1573 2992 remanentibus

176 3047 312 3138 sponte
344 3031 387 3111 in
415 3028 637 3111 Pannonia.
671 3027 905 3137 Repausato
937 3040 1076 3111 autem
1111 3057 1206 3136 rege
1239 3029 1385 3111 Ethela
1416 3029 1573 3112 Sicam-

177 3153 256 3234 bria
286 3153 323 3232 V
355 3150 473 3234 aunis
499 3151 716 3232 defectum
748 3151 866 3232 tertie
898 3150 1024 3258 partis
1057 3151 1121 3232 sui
1153 3153 1361 3234 exereitus
1395 3179 1477 3260 que
1509 3180 1573 3233 re-

177 3285 377 3357 manserat
410 3273 650 3355 liatalaunis
666 3272 861 3355 resarcire
884 3273 1132 3380 procurauit,
1152 3274 1348 3381 curiaque
1366 3274 1574 3382 solempni

178 3397 377 3480 celebrata
409 3421 597 3502 egressus
631 3407 694 3476 est
725 3395 777 3474 de
810 3394 1032 3494 Pannonia,
1047 3422 1121 3502 per
1152 3394 1316 3477 Stiriam
1348 3393 1573 3477 Carintiam

178 3534 214 3597 et
244 3518 492 3601 Dalmatiam
536 3516 825 3625 pertransiens,
874 3517 986 3625 apud
1034 3518 1178 3599 urbem
1228 3516 1421 3600 Salonam
1471 3517 1575 3599 mari

180 3641 377 3723 Adriatico
410 3654 451 3722 et
482 3638 697 3748 Spalatum
729 3666 774 3721 se
807 3638 1035 3741 coniunxit,
1069 3639 1141 3720 ubi
1173 3640 1318 3724 ambas
1354 3641 1480 3723 urbes
1512 3640 1573 3721 di·

178 3763 234 3843 rui
263 3763 360 3844 feeit
391 3774 432 3843 et
464 3761 647 3842 eremari.
662 3755 693 3866 ¹)
734 3760 933 3867 Egressus
981 3761 1148 3842 tandem
1191 3762 1299 3843 eirca
1329 3787 1443 3843 mare
1475 3761 1575 3843 Tra·

177 3909 311 3989 garam
344 3883 594 3966 Sebenioum
627 3880 877 3966 Scardonam
926 3883 1086 3966 Iadram
1119 3881 1280 3966 Nonam
1313 3881 1465 3968 Senam
1498 3884 1574 3965 Po·

176 4004 253 4087 lam
297 4007 529 4089 Parentium
576 4000 888 4112 Capostiriamb
937 4001 1223 4113 Triestinaml)
1272 4005 1484 4088 ciuitatem
1526 4034 1575 4088 ao

179 4141 307 4210 oetera
338 4129 471 4211 multa
502 4125 656 4235 oppida
686 4151 896 4236 occupans
928 4128 969 4210 in
1003 4129 1209 4212 montanis
1251 4128 1444 4237 peruenit
1483 4141 1574 4210 tau-

178 4249 267 4331 dem
298 4250 572 4358 Aquilegiam‚
617 4248 735 4332 ouius
783 4249 1067 4356 magnitudine
1100 4249 1402 4358 oireumspenta
1433 4264 1575 4358 stupe·

177 4371 314 4472 faetus,
349 4401 393 4456 se
428 4373 649 4455 confusum
692 4373 924 4480 reputabat,
957 4373 991 4455 si
1023 4373 1177 4454 dietam
1210 4373 1421 4456 ciuitatem
1453 4373 1574 4453 inex·

178 4510 393 4602 pugnatam
443 4493 688 4601 reliquisset,
736 4521 811 4601 pro
859 4519 908 4574 eo
941 4495 1137 4600 maxime,
1175 4497 1274 4604 quia
1305 4496 1575 4603 quamplures

177 4615 424 4723 Langobardi
457 4617 508 4698 de
541 4615 764 4718 Pannonia,
797 4615 868 4724 qui
908 4615 1126 4700 Hunorum
1170 4618 1399 4701 dominium
1441 4630 1484 4699 et
1523 4616 1575 4698 E·

178 4731 913 4844 thaleconternserunt²)00nfi1gisse
944 4739 987 4820 in
1019 4739 1152 4847 ipsam
1184 4741 1435 4823 ferebantur.
1461 4737 1575 4836 Quos

279 4993 304 5092 ¹)
330 4999 547 5076 sonoremari.
580 5001 608 5090 ²)
637 4997 862 5090 Capostriam.
893 4995 921 5098 ³)
950 4998 1175 5074 Tarestinam.
1219 4995 1248 5092 ⁴)
1277 5001 1569 5094 contempserant.

1449 5135 1466 5188 s
