3898 5752
871 477 1026 579 —aaa-

401 687 607 764 Notandum
636 713 739 784 porro
768 691 1079 768 denominationem
1105 690 1211 764 hanc:
1243 691 1381 785 Septem
1409 693 1533 782 castra,
1562 688 1652 764 circa

251 811 402 886 medium
429 813 581 887 seculum
609 811 776 886 decimum
804 814 944 888 tertium
980 812 1139 907 usurpari
1178 818 1343 907 coeptam,
1387 811 1652 906 Teutonicisque

252 937 384 1008 tantuna
414 933 522 1008 luisse
550 933 764 1009 familiarem.
794 937 951 1031 Hungari
980 935 1070 1011 eninr
1097 938 1210 1011 Erden
1234 937 1300 1020 ela,
1330 937 1419 1011 Erde
1448 935 1541 1023 cleu,
1562 935 1652 1009 Erde

251 1058 307 1142 el;
336 1055 514 1150 provincia
542 1056 632 1130 ultra
662 1101 709 1111 —
737 1058 792 1132 rel
820 1064 917 1134 trans
946 1059 1089 1150 silvana,
1119 1059 1213 1132 illam
1240 1060 1470 1153 appellabant.
1503 1056 1652 1131 Primam

250 1179 390 1272 Septem
419 1183 609 1254 castrorum
637 1181 843 1256 mentionem
872 1182 906 1254 in
935 1182 1115 1256 annalibus
1144 1181 1422 1270 Eriordensibus
1461 1202 1529 1254 non
1562 1180 1653 1254 ultra

251 1323 377 1376 annum
409 1295 509 1376 1254
535 1302 711 1395 productis
740 1303 956 1379 invenimus:
1007 1306 1142 1392 ,tatu
1180 1305 1307 1379 Eodem
1348 1326 1437 1377 atino
1466 1301 1588 1376 tortari
1616 1301 1651 1374 in

253 1420 416 1517 ungaria,
459 1427 552 1497 terra
585 1424 717 1499 seilicet
756 1425 962 1520 Septem
1003 1437 1278 1518 castrorum,
1315 1425 1487 1500 ciuitatem
1528 1425 1652 1498 dietam

250 1545 440 1619 Hermanni
483 1546 599 1620 villam
641 1545 917 1648 (Hermnnstadt)
960 1549 995 1622 in
1036 1549 1150 1644 Aprili
1179 1551 1428 1644 expugnantes,
1471 1569 1578 1640 usque
1611 1546 1653 1620 ad

250 1671 385 1741 centurn
414 1666 460 1741 ibi
490 1672 706 1761 peremerunt
733 1669 1020 1762 Praedicatorurn,
1050 1671 1228 1747 cenobium
1248 1671 1374 1746 ibidem
1390 1669 1648 1745 incendentes.“

251 1789 314 1863 SS.
343 1789 440 1866 XVI.
474 1792 534 1865 34.

406 1913 501 1988 Kena
529 1918 657 2001 noster,
701 1917 734 1988 et
763 1915 998 1990 chronicorum
1026 1915 1214 2011 patriorum
1242 1915 1494 2009 conscriptores
1522 1919 1654 2008 septem

251 2031 312 2106 illa
340 2035 453 2108 castra
480 2057 542 2127 per
569 2036 754 2130 Hungaros
782 2039 949 2130 putabant
977 2041 1154 2112 exstructa
1182 2038 1299 2113 luisse.
1335 2039 1397 2125 ,ln
1425 2036 1528 2111 fluuio
1547 2037 1655 2130 Hung

252 2158 370 2228 rosato
398 2159 547 2231 castrum
576 2157 773 2244 fundabere,
806 2202 849 2212 -
881 2181 1022 2252 cumque
1051 2164 1084 2232 et
1111 2159 1180 2236 alia
1207 2160 1256 2235 VI
1298 2163 1410 2234 castra
1451 2161 1530 2252 post
1571 2159 1653 2233 haec

252 2275 501 2368 fundauissent,
530 2278 744 2373 aliquamdiu
774 2281 808 2354 in
837 2282 908 2356 illis
935 2282 1092 2376 partibus
1120 2285 1372 2377 permansere.“
1414 2282 1509 2354 Kena
1537 2281 1585 2355 ΙΙ.
1618 2284 1652 2354 1.

251 2397 385 2472 Exinde
413 2405 547 2476 montes
576 2401 785 2476 descendunt
812 2426 875 2498 per
902 2409 974 2478 tres
1002 2426 1147 2494 mansee,
1195 2409 1229 2479 et
1257 2403 1442 2479 deuaniunt
1470 2403 1506 2477 in
1547 2401 1651 2478 conli-

254 2521 348 2595 nium
377 2522 475 2617 regni
504 2524 693 2619 Hungarie,
724 2526 856 2602 scilicet
882 2525 918 2600 in
949 2527 1093 2616 Erdelu,
1123 2525 1244 2601 inuitis
1262 2525 1425 2621 gentibus
1443 2525 1651 2600 memoratis.

252 2643 377 2737 Ibique
405 2644 528 2720 terreis
556 2669 573 2722 o
588 2669 608 2722 a
623 2671 640 2722 s
655 2653 669 2721 t
684 2672 702 2723 r
716 2649 727 2722 i
743 2671 759 2723 s
787 2672 836 2724 se
852 2672 873 2743 p
889 2652 904 2720 t
919 2672 936 2722 e
952 2673 985 2722 m
1012 2649 1206 2744 preparatis
1225 2671 1287 2742 pro
1307 2647 1475 2722 uxoribus
1494 2651 1529 2721 et
1548 2649 1651 2723 rebus

252 2765 325 2874 suis
367 2769 631 2860 conseruandiS,
674 2771 873 2866 aliquandiu
914 2776 1189 2866 permanserunt.
1232 2769 1447 2865 Quapropter
1488 2769 1655 2846 teutonici

252 2893 386 2983 partem
414 2889 509 2964 illam
536 2893 578 2966 ab
608 2891 667 2968 iilo
696 2894 750 2968 die
793 2893 1035 2988 Simbnrg
1067 2894 1289 2990 (Sibenburg.
1320 2893 1444 2967 Chrou.
1473 2893 1577 2985 Bud.)
1618 2891 1653 2966 id

253 3015 306 3086 est
333 3016 531 3124 septem
559 3021 738 3090 castra
765 3021 1009 3092 uocauerunt.“
1041 3015 1163 3092 Obron.
1193 3017 1233 3090 P.
1262 3014 1304 3089 V.
1333 3037 1367 3110 p.
1398 3015 1459 3088 23.
1488 3014 1653 3088 Videmus

252 3133 355 3208 etiam
383 3158 425 3209 ex
455 3136 517 3211 hoo
545 3138 783 3213 chronicorum
810 3141 884 3214 loco
913 3160 1047 3212 errasse
1075 3139 1204 3212 lienam
1222 3137 1258 3210 in
1278 3140 1391 3212 castro
1410 3138 1541 3231 Hung;
1562 3137 1653 3230 quod

251 3255 389 3352 longius
416 3260 514 3334 abest
542 3282 561 3334 a
588 3260 764 3355 prouincia
792 3260 1027 3351 ultrasilvana,
1067 3281 1127 3333 neo
1155 3258 1247 3332 inter
1275 3263 1406 3353 septem
1435 3257 1510 3332 eius
1539 3260 1653 3334 castra

251 3381 486 3456 connumerari
515 3387 639 3478 potest.

407 3503 445 3580 Si
472 3505 554 3580 haec
590 3505 784 3582 differentia
820 3506 911 3580 inter
941 3507 1099 3582 laudatos
1140 3505 1327 3601 scriptores
1360 3526 1427 3579 non
1469 3506 1572 3594 esset,
1619 3507 1653 3578 et

251 3629 382 3719 septem
410 3629 523 3702 castra
551 3627 654 3702 etiarn
681 3627 881 3724 Anonymus
909 3630 1200 3715 commemoraret,
1237 3627 1418 3702 tolleretur
1455 3625 1567 3702 oannis
1611 3626 1652 3699 do

250 3753 361 3823 aetate
390 3751 430 3823 B.
459 3750 552 3846 regis
582 3751 707 3826 notarii
734 3751 915 3826 dubitatio.
952 3753 1040 3825 Nam
1077 3773 1119 3824 ex
1162 3755 1293 3844 septena
1333 3749 1404 3823 illis
1433 3748 1557 3823 castris
1585 3748 1652 3823 duo

251 3873 314 3946 sub
342 3871 446 3948 Geiza
473 3874 521 3962 ΙΙ,
552 3873 694 3948 totidem
723 3876 785 3949 sub
813 3875 897 3947 Bela
925 3875 993 3962 ΙΙΙ,
1022 3873 1105 3947 item
1133 3873 1198 3947 duo
1223 3873 1286 3946 sub
1307 3870 1474 3961 americo,
1495 3875 1529 3944 et
1548 3893 1653 3945 unum

251 3991 349 4068 initio
378 3993 556 4088 regiminis
584 3994 741 4070 Andreae
769 3998 817 4071 II.
847 3995 1067 4070 exstiterunt.
1122 3996 1167 4068 Et
1199 3993 1410 4088 aliquantum
1440 3993 1605 4087 temporis
1633 4016 1653 4068 a

249 4115 384 4190 condita
414 4119 513 4192 1206
543 4117 706 4192 Bistricia
734 4118 822 4192 elabi
851 4118 1015 4214 oportuit,
1045 4122 1227 4212 antequam
1254 4141 1274 4190 a
1303 4121 1434 4211 septam
1452 4115 1507 4190 his
1528 4114 1652 4190 castris

247 4260 333 4312 novo
361 4237 537 4332 provincia
564 4239 624 4314 illa
651 4245 875 4334 cognomento
903 4239 1070 4334 appellari
1112 4238 1294 4334 potuisset.
1340 4239 1413 4313 Neo
1458 4242 1539 4312 tunc
1585 4237 1649 4311 ulli

249 4381 366 4454 regum
393 4365 531 4454 praeter
557 4362 676 4436 Belam
703 4363 752 4437 IV
781 4365 951 4437 erratorem
980 4365 1134 4436 nostrum
1163 4361 1348 4456 adiungere
1378 4381 1569 4454 possemus.

405 4501 438 4572 2.
467 4498 638 4574 Differunt
662 4501 848 4595 scriptores
893 4501 953 4576 isti
998 4501 1033 4576 in
1075 4502 1195 4576 ducum
1236 4500 1350 4592 etiam,
1391 4499 1650 4596 principumque

249 4623 491 4717 appellatione.
518 4624 681 4699 Notarius
700 4628 836 4718 praeter
858 4629 991 4718 septem
1010 4623 1220 4719 principales
1248 4643 1414 4718 personas
1437 4623 1650 4716 Hetumoger

249 4743 373 4837 dictos,
398 4748 555 4820 ceteros:
585 4745 712 4840 Arpad,
741 4747 888 4835 Zabam,
917 4746 1052 4820 Tocsun
1081 4751 1115 4820 et
1142 4745 1288 4842 (lapsam
1315 4745 1452 4820 duces
1485 4743 1649 4838 appellat.

247 4867 360 4942 Duces
387 4866 422 4942 hi
450 4868 578 4941 habent
605 4867 642 4940 iu
670 4890 731 4942 suo
760 4867 921 4942 comitatu
948 4867 1190 4963 principes
1218 4867 1438 4962 primates
1466 4869 1501 4940 et
1529 4865 1648 4940 ioba·

240 4987 428 5088 .gionas;
458 4987 692 5090 militibusque
721 4989 755 5064 in
785 4989 1038 5092 expeditionem
1064 4987 1246 5097 destinatis
1278 4987 1453 5091 principes
1481 4991 1516 5062 et
1543 4987 1648 5069 dut·
