1190 1585
628 187 660 210 m

294 250 330 268 tuo
346 253 432 274 regnum
442 246 512 267 infide
528 246 602 267 Christi
619 250 757 267 conseruat-et.
773 246 858 267 Pronior
870 246 946 267 etenim
956 250 999 267 erat

293 284 345 305 gens
362 277 472 304 hungarica
489 277 536 298 ritui
553 277 673 304 paganismo
690 277 789 303 inclinari⁷
806 284 869 304 quam
885 277 934 297 fidei
947 277 999 297 chri-

294 308 366 329 stiane.
383 308 467 329 Interim
484 314 534 329 uero
550 308 630 329 uiribus
646 308 737 335 eorporis
753 308 808 335 cepit
824 307 915 332 destitui,
924 311 945 328 et
955 308 998 328 lan-

294 345 357 366 guore
373 339 495 365 grauissimo
511 345 533 359 se
555 342 664 365 grauatum
681 339 782 364 senciens,
803 339 859 359 misit
879 339 999 359 festinanter

294 369 401 395 nuncium,
416 369 496 390 scilieet
511 369 591 389 Budain
608 369 673 389 filium
682 369 777 396 Egirnch,
790 369 826 396 qui
834 368 907 390 Wazul
916 372 999 396 patrue-

295 401 320 421 lis
336 400 368 420 sui
384 399 456 426 fllium,
474 406 535 426 quem
553 400 666 420 recluserat
681 406 717 420 rex
734 404 818 427 propter
834 399 948 420 iuuenilem
969 399 998 420 la-

294 430 381 452 sciuiam
398 434 419 450 et
434 430 541 451 stultitiam
558 433 581 450 ut
598 430 737 457 corrigeretur,
746 430 772 450 de
781 437 863 450 carcere
873 430 936 450 Nitrie
945 430 998 451 edu-

294 465 355 487 ceret,
372 464 393 481 et
408 460 433 481 ad
450 467 473 482 se
489 461 580 486 duceret,
589 464 612 481 ut
621 467 669 481 euin
678 464 790 487 antequam
800 465 920 486 moreretur,
929 467 999 487 regent

294 491 434 513 constitueret.
451 491 544 512 Audiens
561 495 631 512 autem
647 491 686 512 hoc
703 491 773 512 Keisla
788 491 864 518 regina,
886 491 932 512 iniit
949 498 999 511 cou-

294 522 363 544 silium
380 528 427 542 eum
444 522 503 542 Buda
519 522 562 542 viro
578 521 695 549 nephando.
717 521 742 542 Et
757 522 926 543 festinantissime
944 522 1000 542 misit

294 553 395 574 nuncium
411 553 494 573 nomine
511 552 583 578 Sebus,
608 552 673 573 filium
689 552 754 579 ipsius
769 552 829 573 Buda
844 553 871 573 ad
887 559 999 578 carcerem,

294 584 315 604 in
334 590 375 611 quo
392 582 456 604 Vazul
476 583 613 604 detinebatur.
635 583 702 604 Sehus
718 583 788 610 itaque
804 583 929 610 preucniens
945 590 1000 604 nun-

295 614 350 635 cium
370 614 429 640 regis,
451 614 521 634 effodit
541 614 612 635 oculos
629 613 699 639 Vazul,
721 617 742 634 et
761 613 901 634 concauitates
918 613 1000 634 aurium

295 645 339 666 eius
356 644 442 672 plumbo
459 644 569 670 obturanit,
587 647 607 665 et
623 644 707 665 recessit
716 644 737 665 in
746 644 873 665 Bohemiam.
887 644 935 665 Post
943 644 1000 665 hune

295 679 364 696 antem
381 675 468 696 ueniens
484 675 573 696 nuncius
589 675 648 701 regis,
664 674 717 695 uidit
732 674 796 695 Vazul
813 674 878 695 oculis
896 675 999 700 orbatum,

295 706 315 726 in
333 706 410 726 eisdem
427 704 513 732 oculis¹)
530 705 651 726 vulneribus
667 705 728 726 duxit
743 705 769 726 ad
777 712 854 732 regem.
863 705 930 729 Quem
939 712 1000 726 sanc-

295 740 328 757 tus
344 743 381 756 rex
403 735 521 763 Stephanus
545 736 618 756 uidens
639 740 681 756 tam
702 736 846 757 miserabiliter
863 736 1000 761 destructum,

295 767 315 787 in
332 767 406 787 nimias
422 766 490 794 erupit
506 767 613 794 lacrymas,
630 766 666 787 sed
683 766 801 793 inpediente
818 766 939 793 egritudinis
954 773 1000 787 mo-

295 798 355 818 lestia
370 797 461 818 debitam
486 804 561 824 penam
586 797 753 818 malefactoribus
778 797 851 818 inferre
867 804 908 818 non
925 797 1000 824 potuit.

295 828 419 849 Conuocatis
436 828 505 855 itaque
525 827 572 848 filiis
593 827 647 848 calui
668 827 757 848 Ladizlai
777 828 845 855 patrui
861 828 899 853 sui,
920 828 1001 848 scilicet

296 858 378 879 Andrea
395 858 458 879 Beela
474 863 494 879 et
510 858 609 884 Leuenta‚
626 858 729 879 consuluit
746 859 781 884 eis,
805 862 828 879 ut
844 861 922 885 quanto
938 858 1000 879 citius

295 893 380 917 possent
396 889 495 915 fugerent,
513 892 536 909 ut
551 889 580 909 sic
597 889 636 909 sibi
652 889 748 914 salutem,
766 892 786 909 et
794 895 903 916 corporum
912 895 1000 910 suorum

295 923 402 941 serum-ent
417 920 561 946 integritatem.
580 919 611 940 llli
628 919 689 946 igitur
704 919 782 940 salubri
791 919 876 940 consilio
892 919 1001 940 sanctire-

295 950 325 977 gis
344 950 501 977 acquiescentes
518 957 529 970 a
545 950 597 970 faeie
619 950 719 970 malorum
742 954 761 970 et
783 950 877 971 dolorum
894 950 915 970 in
932 950 1002 970 Bohe-

295 980 357 1001 miani
373 979 498 1007 firgemnt.²)

296 1042 358 1062 xm.
366 1040 455 1061 Beatus
463 1046 506 1060 rex
513 1040 645 1067 Stephanus
654 1041 752 1061 moritus
759 1042 783 1061 et
791 1040 852 1061 Albo
863 1041 1003 1061 tmnhtur.

379 1103 427 1130 (46)
444 1103 519 1123 Beatus
534 1106 603 1124 autem
621 1110 658 1124 rex
674 1103 791 1130 Stephanus
807 1103 916 1124 sanctitate
926 1107 948 1124 et
956 1110 1004 1130 gra-

298 1134 329 1154 cia
347 1134 420 1160 plenus
437 1133 524 1154 XLVI-o
539 1140 594 1154 anno
611 1134 667 1161 regni
683 1134 721 1160 sui,
743 1134 763 1154 in
779 1134 832 1155 festo
848 1134 1003 1161 assumpcionis

296 1164 414 1185 beatissime
432 1164 493 1184 Marie
510 1171 591 1191 semper
607 1164 810 1192 uirginisapresenti
819 1164 890 1185 seculo
906 1171 1001 1192 nequam

297 1195 387 1222 eripitury
405 1198 424 1215 et
441 1199 558 1215 sanctoruni
576 1195 695 1221 angelorum
712 1195 818 1216 consor-cio
831 1195 955 1222 adiunff'tur.
965 1195 1003 1216 Se-

296 1226 368 1252 pultus
385 1229 415 1246 est
431 1229 501 1245 autem
519 1225 537 1245 in
555 1225 639 1246 basilica
651 1226 743 1252 Albensi,
752 1233 814 1253 quam
824 1226 868 1253 ipse
885 1225 906 1247 in
922 1226 1003 1247 honoro

296 1256 425 1277 sanctissime
442 1256 543 1282 genitricis
560 1256 592 1276 dei
609 1263 692 1283 semper
707 1256 791 1283 uirginis
801 1256 863 1277 Mar-ie
877 1260 1003 1278 construxe-

351 1319 363 1344 ¹)
378 1321 471 1340 oculorum.
487 1321 506 1339 T.
522 1319 535 1346 ⁷¹)
550 1321 645 1346 fugierunt.
