3900 5762
839 527 879 592 89

780 619 825 627 -—-
833 621 845 626 -
891 618 935 626 .—

315 748 384 828 to.
418 748 514 829 Post
559 747 685 828 istum
728 737 1030 852 S'teplranunr¹)
1071 744 1196 825 frater
1237 747 1337 828 suus
1371 747 1565 828 coronam

164 885 332 978 usurpat
362 869 576 951 mensibus
610 867 657 948 V.
692 879 732 948 et
764 865 912 948 diebus
946 863 994 945 V.
1033 866 1286 973 tandemque
1321 867 1566 950 deuincitur.

163 993 203 1074 ln
237 1018 320 1100 quo
353 991 483 1098 prelio
516 991 655 1098 plures
687 988 802 1094 regni
834 987 994 1070 nobiles
1028 987 1284 1070 (reciduntur.
1318 989 1434 1071 Idem
1467 1017 1565 1072 vero

164 1115 208 1194 de
242 1139 368 1219 regno
402 1114 616 1220 expulsus,
651 1113 822 1193 demum
853 1110 968 1191 veuit
1000 1109 1042 1190 in
1074 1111 1228 1216 Zerniu,
1257 1112 1328 1193 ubi
1363 1126 1403 1193 et
1434 1112 1570 1194 finiuit

165 1237 286 1317 ritum
318 1261 450 1318 suam.
485 1235 590 1316 albe
624 1233 856 1341 requiescit.

317 1359 385 1438 41.
421 1356 501 1438 Sed
535 1357 771 1465 posthunc
806 1354 992 1460 regnauit
1025 1354 1124 1435 Bela
1157 1357 1325 1458 GrecuS,
1346 1383 1472 1464 quem
1491 1357 1569 1440 Be-

165 1479 236 1560 rba
271 1495 312 1559 et
344 1478 499 1584 Gregor
530 1479 641 1586 apud
676 1479 967 1585 imperatorem
985 1475 1210 1558 Grecorum
1236 1477 1389 1562 diutius
1422 1493 1568 1560 tenue-

166 1613 267 1684 runt.
301 1600 379 1681 Hic
411 1601 577 1707 quidem
612 1601 723 1682 fures
757 1611 797 1679 et
829 1599 1008 1681 latrones
1040 1615 1284 1706 persecutus
1312 1615 1384 1704 est‚·
1404 1602 1568 1708 petitio-

165 1725 368 1830 nibusque
402 1723 515 1830 loqui
548 1723 673 1804 traxit
705 1721 915 1826 originem,
948 1734 996 1802 ut
1027 1720 1213 1804 Romana
1245 1722 1372 1804 habet
1397 1724 1570 1806 curiaet

167 1845 335 1954 imperii.
369 1845 476 1926 Albe
509 1844 618 1926 iacet
649 1843 892 1926 tumulatus.

319 1967 388 2048 42.
422 1967 517 2048 Post
547 1967 689 2047 Belam
723 1991 820 2047 vero
851 1965 1041 2072 regnauit
1071 1961 1314 2074 nntrieusl)
1340 1966 1568 2052 filiuseius.

320 2089 390 2170 43.
422 2087 501 2169 Sed
534 2087 770 2195 posthunc
802 2087 991 2194 regnauit
1023 2087 1209 2170 Andreas
1241 2115 1316 2169 rex
1349 2102 1495 2197 potens
1529 2103 1570 2170 et

169 2211 342 2294 illustris.
378 2211 457 2293 lste
491 2212 616 2291 etiam
649 2222 797 2290 teuarn
832 2223 1015 2290 sanctam
1050 2209 1243 2311 uisitauit,
1269 2211 1343 2292 ubi
1375 2240 1449 2319 per
1480 2239 1569 2294 om·

168 2361 237 2413 nes
270 2333 476 2440 principes
510 2332 824 2414 christianornm
857 2332 1098 2438 capitaneus
1132 2333 1352 2436 ordinatur,
1376 2348 1417 2415 et
1450 2362 1569 2416 excr-

168 2455 291 2536 eitum
325 2455 484 2536 soldani
517 2454 729 2536 Babilonic
763 2481 858 2534 cum
891 2453 1097 2559 Huugaris
1117 2471 1158 2534 et
1173 2455 1333 2536 Zaculis
1361 2457 1568 2564 effugauit,

169 2591 206 2656 et
239 2577 391 2658 honore
425 2575 642 2684 multiplici
677 2604 774 2657 cum
806 2589 928 2681 geute
962 2601 1037 2657 sua
1068 2603 1142 2683 per
1173 2577 1364 2685 Assyrios
1398 2593 1439 2658 et
1471 2579 1571 2662 alias

169 2699 351 2780 nationes
384 2700 634 2806 preponitur.
668 2697 853 2805 Indeque
888 2725 982 2779 curn
1017 2725 1180 2780 summa
1202 2698 1329 2804 gloria
1354 2701 1574 2783 reuertitur

170 2821 209 2899 iu
244 2820 506 2926 Hungariam.

325 2945 394 3022 44.
426 2943 523 3024 Post
554 2943 666 3024 bunc
698 2957 837 3024 autern
871 2943 1060 3046 regnauit
1091 2943 1315 3027 Belafilius
1342 2945 1441 3048 eius,
1460 2947 1572 3054 apud

172 3063 327 3146 Fratres
360 3064 538 3146 Minores
571 3064 760 3172 Strigouii
779 3064 1018 3146 tumulatur.
1037 3065 1160 3148 Istius
1179 3067 1347 3173 quidem
1365 3068 1406 3147 in
1425 3067 1571 3150 diebus

172 3185 320 3292 llongli
353 3187 442 3268 sine
474 3187 630 3268 Tartari
664 3188 714 3268 de
747 3187 877 3268 tribus
911 3188 1095 3292 partibus
1128 3187 1573 3295 regniiuHuugarianr

171 3309 331 3410 adeunt,
366 3337 461 3389 erun
495 3309 716 3416 quinquies
749 3309 934 3388 centenis
982 3309 1148 3391 milibus
1196 3321 1458 3414 armatorum,
1500 3311 1573 3392 ha·

172 3430 311 3513 beutes
344 3431 479 3512 adhuc
498 3431 758 3513 centuriones
792 3444 833 3511 et
865 3431 1107 3513 decuriones
1139 3433 1191 3513 ad
1225 3432 1337 3513 milia
1367 3433 1451 3514 XL.
1473 3431 1572 3528 Qui-

172 3552 248 3634 bus
278 3553 316 3633 in
350 3552 445 3635 Soio
477 3581 550 3634 rex
585 3555 767 3660 prefatus
801 3554 1054 3635 eormenieus
1088 3581 1112 3634 a
1143 3550 1384 3662 Mongalis3)
1427 3554 1573 3636 deuiu-

173 3675 273 3754 ritm·
303 3704 412 3756 aurio
445 3675 610 3755 llornini
644 3673 859 3755 llCllXLl.
908 3674 988 3756 Ubi
1020 3676 1105 3756 fere
1138 3689 1224 3757 tota
1265 3677 1378 3782 regui
1428 3676 1573 3759 militia

173 3811 234 3876 est
275 3797 422 3900 deleta,
466 3798 554 3905 ipso
602 3797 702 3878 Bela
750 3823 887 3876 eoram
922 3797 979 3878 eis
1012 3798 1065 3877 ad
1098 3824 1210 3879 mare
1241 3798 1436 3904 tirgieute.
1481 3798 1572 3895 Quo

173 3918 333 4024 quidem
373 3919 435 4020 de
484 3919 585 4000 mari
633 3932 866 4000 reuertente
915 3947 988 4026 per
1036 3918 1184 4000 durem
1237 3919 1487 4003 Frideueum
1521 3922 1572 4002 de

175 4043 333 4122 ,lustris
365 4041 474 4122 bello
508 4041 730 4148 impetitur.
764 4040 897 4136 Quem
922 4055 1016 4123 ante
1036 4041 1254 4122 (irritatem
1275 4042 1433 4123 Nouam
1454 4042 1572 4125 Hun-

173 4162 255 4258 ¹uad
283 4191 379 4245 oum
411 4163 556 4244 lancea
588 4163 627 4243 in
663 4163 833 4244 maxilla
864 4163 1108 4245 transfixum
1136 4177 1412 4270 peremerunt.

322 4287 391 4367 45.
424 4285 569 4366 Postea
600 4281 738 4392 vero⁴)
773 4286 960 4390 regnauit
992 4285 1226 4392 Stephanus
1253 4313 1326 4367 rex
1345 4286 1571 4390 filiuseius,

172 4405 241 4510 qui
270 4406 434 4488 Boemie
468 4434 605 4512 regem
627 4408 794 4487 nomine
813 4405 1036 4490 lltaearum
1054 4419 1149 4487 aute
1166 4407 1341 4489 firmium
1361 4407 1529 4490 Rebelra
1538 4405 1569 4516 ⁵)

171 4545 304 4609 ronna
335 4559 432 4612 curn
466 4529 714 4630 venientem,
749 4557 845 4610 rum
882 4530 1042 4609 boemis
1081 4530 1272 4610 videlicet
1307 4530 1568 4614 Australibus

170 4645 426 4734 Stirieusibus
461 4648 939 4757 Bramlebr.u·ge11silms⁰)
967 4665 1006 4731 et
1024 4651 1169 4732 ceteris
1203 4651 1342 4732 mixtis
1377 4652 1570 4758 gentibus

276 4929 299 5018 ¹)
324 4928 456 5022 ronige
485 4927 690 5021 Stephanus.
732 4929 758 5018 ¹)
790 4926 972 4999 llnrerirns.
1011 4925 1038 5018 ³)
1068 4927 1215 5021 llouglis
1261 4930 1288 5017 ⁴)
1317 4929 1413 5001 deest
1442 4927 1474 5000 in
1505 4931 1567 5004 He.

173 5023 200 5128 ³)
234 5029 368 5108 liebrha.
402 5037 428 5124 Ἴ
458 5031 817 5126 Braudbnrgeusibus.

1431 5168 1464 5221 12
