3900 5762
819 529 972 634 Q

191 773 288 856 ergo
322 743 447 830 Cesar
477 742 529 828 ad
562 744 759 830 terminos
789 744 1012 854 Hungarie,
1032 759 1073 827 et
1098 745 1140 828 in
1175 745 1399 830 crastinum
1434 768 1594 854 expug-

190 897 290 954 nare
323 870 526 978 disposuit
557 869 783 973 obstacula,
828 871 980 977 quibus
1013 869 1186 976 hungari
1217 869 1392 953 tluuium
1425 869 1595 952 Rabcha

191 993 491 1076 concluserant.
524 991 691 1074 Interim
724 1019 824 1073 uero
858 1019 881 1074 a
912 992 1056 1099 legatis
1089 994 1181 1075 Abe
1212 993 1318 1098 regis
1349 1004 1515 1099 rogatus
1534 1006 1596 1074 est

191 1115 329 1218 Cesar,
361 1130 408 1197 ut
440 1127 746 1222 competentem
789 1115 1008 1197 terminum
1054 1115 1219 1221 figeret,¹
1250 1116 1291 1196 in
1325 1141 1408 1221 quo
1449 1140 1594 1196 omnes

191 1239 380 1346 captiuos
412 1237 449 1318 ei
481 1237 718 1339 remitteret,
751 1247 794 1318 et
824 1236 996 1319 donaria
1027 1237 1198 1345 insuper
1213 1237 1250 1318 ei
1269 1237 1451 1319 donaret.
1470 1235 1596 1319 Cesar

190 1360 331 1468 itaque
364 1360 537 1442 allectus
569 1359 823 1463 muneribus,
857 1360 1003 1442 etaliis
1036 1360 1292 1465 grauioribus
1311 1360 1484 1465 negotiis
1502 1385 1594 1466 pre-

191 1482 358 1590 peditus
413 1483 509 1590 (51)
541 1481 662 1563 rediit
703 1481 937 1564 Bizancium
984 1482 1093 1590 quod
1140 1494 1201 1564 est
1245 1482 1444 1590 oppidum
1489 1482 1595 1562 Bur-

189 1605 357 1711 gundio.
375 1603 537 1685 Exhinc
549 1603 689 1711 itaque
706 1631 782 1684 rex
799 1605 894 1686 Aba
924 1605 1144 1686 securitate
1176 1618 1349 1712 accepta
1380 1605 1514 1686 factus
1532 1619 1596 1686 est

188 1725 385 1830 insolens,
421 1740 462 1808 et
493 1727 606 1834 cepit
638 1726 857 1808 crudeliter
889 1727 1022 1808 seuire
1055 1727 1096 1807 in
1129 1752 1319 1832 ungaros.
1353 1726 1594 1808 Arbitraba-

188 1863 256 1932 tur
288 1850 412 1950 enim,
444 1862 491 1930 ut
523 1849 663 1930 omma
695 1850 933 1931 communia
965 1861 1103 1931 esseut
1135 1849 1311 1931 dominis
1337 1876 1431 1931 cum
1451 1847 1592 1951 seruis

188 1972 264 2054 sed
298 1985 339 2053 et
369 1971 655 2054 iusiurandum
689 1970 866 2054 uiolasse
898 1997 972 2079 pro
1004 1971 1156 2053 nichilo
1187 1971 1419 2078 reputabat.
1466 1970 1593 2051 Nobi·

186 2093 248 2178 les
283 2093 393 2176 enim
426 2093 540 2199 regni
573 2109 887 2201 contemptione,
921 2093 1079 2176 babens
1112 2113 1278 2201 semper
1302 2121 1398 2176 cum
1430 2092 1593 2175 rusticis

187 2231 229 2299 et
262 2216 513 2322 ignobilibus
546 2241 781 2298 commune.
811 2215 997 2322 ilungari
1029 2242 1130 2298 uero
1161 2216 1322 2299 nobiles
1351 2216 1537 2297 nolentes
1556 2216 1592 2298 ei

184 2339 227 2420 id
261 2337 477 2440 sustinere,
522 2338 893 2419 exacerbacionem
937 2340 1025 2421 eius
1067 2338 1241 2420 moleste
1281 2339 1461 2420 ferentes
1494 2363 1592 2418 con-

185 2461 462 2570 spirauerunt,
497 2474 539 2542 et
570 2461 903 2561 coniurauerunt,
945 2477 991 2542 ut
1033 2462 1170 2568 ipsum
1204 2460 1450 2542 occiderent.
1492 2459 1592 2556 Qui·

184 2583 283 2664 dam
316 2595 458 2664 autem
491 2609 544 2664 ex
576 2583 675 2691 ipsis
707 2583 935 2665 notificauit
966 2584 1051 2690 regi
1082 2584 1124 2664 in
1157 2611 1304 2665 necem
1338 2583 1427 2666 eius
1450 2583 1593 2666 coniu-

184 2717 310 2808 ratos,
343 2731 396 2786 ex
432 2707 584 2813 quibus
617 2732 688 2787 eos
721 2731 825 2812 quos
858 2706 992 2813 potuit
1025 2720 1167 2812 captos
1183 2706 1282 2787 fecit
1298 2705 1481 2805 interfici,
1503 2706 1592 2788 sine

185 2827 328 2910 iudicii
359 2828 566 2928 examine,
600 2828 711 2935 quod
744 2829 783 2909 in
819 2856 1014 2934 magnum
1050 2828 1342 2910 detrimentum
1376 2828 1481 2933 regis
1499 2854 1593 2909 uer·

185 2977 280 3034 sum
313 2965 387 3033 est.
421 2949 526 3033 Cum
560 2950 670 3032 enim
704 2978 777 3032 rex
826 2951 1184 3058 quadragesimam
1222 2950 1451 3032 Chanadini
1484 2950 1592 3030 cele-

185 3072 335 3173 braret,
368 3072 411 3153 in
444 3072 588 3154 eadem
624 3073 939 3180 quadragesima
972 3073 1132 3153 circiter
1164 3071 1465 3180 quinquaginta
1480 3072 1591 3154 uiros

186 3194 346 3277 nobiles
378 3195 457 3277 snb
489 3208 684 3302 pretextu
717 3195 958 3276 consiliandi
990 3195 1031 3275 iu
1066 3195 1246 3302 quadam
1280 3193 1590 3275 domoconclu·

186 3317 248 3419 sit,
282 3329 324 3398 et
354 3318 408 3398 ab
441 3316 607 3400 annatis
639 3318 839 3400 militibus
870 3318 969 3399 fecit
1002 3345 1071 3399 eos
1105 3317 1339 3398 obtruncari
1382 3341 1459 3395 uec
1492 3341 1591 3396 con·

186 3439 301 3522 tritos
334 3466 412 3520 nec
445 3440 666 3522 confessos.
709 3439 828 3520 Vnde
871 3442 1018 3522 beatus
1056 3438 1261 3520 (letardus
1294 3435 1591 3520 Chanadiensis

188 3562 407 3670 episcopus
440 3562 644 3642 canonica
674 3563 895 3644 seueritate
927 3589 1066 3666 regem
1100 3561 1306 3669 corripuit,
1341 3572 1382 3640 et
1413 3559 1489 3641 sibi
1519 3585 1589 3666 pc·

188 3683 363 3766 riculum
397 3683 612 3765 imminere
655 3684 847 3791 predixit.
893 3683 1070 3779 Quidam
1109 3683 1248 3790 itaque
1282 3709 1334 3763 ex
1369 3680 1590 3764 coniuratis

186 3818 353 3914 propter
384 3805 462 3887 hoc
493 3807 624 3912 magis
655 3805 810 3887 incitati
842 3807 1047 3912 fugientes
1079 3817 1287 3886 uenerunt
1310 3804 1360 3886 ad
1380 3803 1588 3904 Cesarem,

187 3940 227 4009 et
258 3928 442 4011 oblocuti
473 3943 570 4010 sunt
602 3939 743 4009 contra
772 3927 908 4011 Abam
940 3928 1144 4010 diceutes:
1178 3926 1298 4022 (luod
1331 3953 1404 4033 pro
1436 3925 1590 4008 nichilo

186 4050 462 4133 iuramentum
511 4061 732 4158 reputaret,
781 4050 1025 4156 nobilesque
1059 4050 1130 4156 qui
1164 4077 1261 4130 eum
1293 4074 1431 4154 regem
1465 4075 1592 4154 super

186 4199 229 4256 se
246 4173 544 4257 constituerant
576 4187 900 4280 contempneret,
944 4185 986 4252 et
1018 4201 1113 4253 crum
1147 4170 1308 4253 rusticis
1339 4170 1589 4276 ignobilibus

187 4295 326 4378 ederet
357 4295 561 4402 equitaret
591 4309 634 4376 et
664 4294 859 4376 continue
891 4295 1140 4400 loqueretur.
1182 4291 1343 4388 Quibus
1375 4292 1480 4373 dixit
1511 4292 1588 4372 im·

187 4432 369 4526 perator:
411 4417 493 4499 ista
534 4417 645 4498 enim
683 4417 940 4498 consuetudo
981 4430 1159 4496 nonest
1207 4413 1355 4496 nobilis
1399 4413 1588 4514 bominis,

186 4539 257 4621 sed
289 4539 379 4623 eius
411 4539 602 4647 oppositi.
637 4539 778 4646 Ipsum
814 4563 909 4643 ergo
942 4535 1135 4619 Cesarem
1169 4535 1391 4617 efficaciter
1422 4535 1588 4640 instiga·

185 4674 347 4765 uerunt,
388 4673 436 4743 ut
470 4689 597 4769 super
637 4662 775 4743 Abam
817 4687 956 4767 regem
992 4658 1184 4740 iniuriam
1217 4656 1456 4760 vindicaret,
1491 4655 1589 4764 quia

185 4811 261 4867 nec
293 4783 481 4892 captiuos
513 4810 610 4868 suos
648 4783 871 4886 remiserat,
914 4782 1022 4863 sicut
1063 4777 1199 4861 Cesari
1242 4777 1461 4880 iurauerat,
1509 4804 1587 4860 nec

184 4905 295 4989 illata
326 4907 478 4989 damna
510 4906 733 4990 resarciret.
775 4904 901 4988 Cesar
942 4902 1081 5009 itaque
1113 4899 1319 4982 animatus
1351 4897 1585 5006 instigacio·

184 5027 305 5116 nibus
337 5029 628 5140 hungarorum,
671 5056 768 5112 cum
810 5023 997 5111 exercitu
1037 5021 1183 5106 Norico
1217 5034 1258 5104 et
1290 5021 1513 5105 Bohemico
1545 5033 1587 5106 et
