<?xml version="1.0" encoding="UTF-8"?>
<!DOCTYPE html PUBLIC "-//W3C//DTD XHTML 1.0 Transitional//EN"
    "http://www.w3.org/TR/xhtml1/DTD/xhtml1-transitional.dtd">
<html xmlns="http://www.w3.org/1999/xhtml" xml:lang="en" lang="en">
 <head>
  <title>
</title>
<meta http-equiv="Content-Type" content="text/html;charset=utf-8" />
  <meta name='ocr-system' content='tesseract 3.04.00' />
  <meta name='ocr-capabilities' content='ocr_page ocr_carea ocr_par ocr_line ocrx_word'/>
</head>
<body>
  <div class='ocr_page' id='page_1' title='image "./chronicahungaro00florgoog_0229.png"; bbox 0 0 3896 5758; ppageno 0'>
   <div class='ocr_carea' id='block_1_1' title="bbox 1008 533 1072 600">
    <p class='ocr_par' dir='ltr' id='par_1_1' title="bbox 1008 533 1072 600">
     <span class='ocr_line' id='line_1_1' title="bbox 1008 533 1072 600; baseline 0 0"><span class='ocrx_word' id='word_1_1' title='bbox 1008 533 1072 600; x_wconf 71' lang='grc'>204</span> 
     </span>
    </p>
   </div>
   <div class='ocr_carea' id='block_1_2' title="bbox 965 622 1119 633">
    <p class='ocr_par' dir='ltr' id='par_1_2' title="bbox 965 622 1119 633">
     <span class='ocr_line' id='line_1_2' title="bbox 965 622 1119 633; baseline -0.006 0"><span class='ocrx_word' id='word_1_2' title='bbox 965 622 1119 633; x_wconf 51' lang='grc' dir='ltr'>ι--μη--ι</span> 
     </span>
    </p>
   </div>
   <div class='ocr_carea' id='block_1_3' title="bbox 341 745 1750 1348">
    <p class='ocr_par' dir='ltr' id='par_1_3' title="bbox 341 745 1750 1348">
     <span class='ocr_line' id='line_1_3' title="bbox 341 745 1747 858; baseline -0.004 -24"><span class='ocrx_word' id='word_1_3' title='bbox 341 749 384 834; x_wconf 90' lang='lat' dir='ltr'>in</span> <span class='ocrx_word' id='word_1_4' title='bbox 417 765 549 834; x_wconf 87' lang='lat' dir='ltr'>castro</span> <span class='ocrx_word' id='word_1_5' title='bbox 592 762 719 854; x_wconf 87' lang='lat' dir='ltr'>erant,</span> <span class='ocrx_word' id='word_1_6' title='bbox 762 777 837 858; x_wconf 92' lang='lat' dir='ltr'>per</span> <span class='ocrx_word' id='word_1_7' title='bbox 875 747 1212 832; x_wconf 79' lang='lat' dir='ltr'>intercessionem</span> <span class='ocrx_word' id='word_1_8' title='bbox 1255 745 1371 830; x_wconf 89' lang='lat' dir='ltr'>ducis</span> <span class='ocrx_word' id='word_1_9' title='bbox 1414 745 1582 830; x_wconf 88' lang='lat' dir='ltr'>amouit.</span> <span class='ocrx_word' id='word_1_10' title='bbox 1620 745 1747 855; x_wconf 85' lang='lat'>(105)</span> 
     </span>
     <span class='ocr_line' id='line_1_4' title="bbox 341 873 1749 978; baseline -0.003 -23"><span class='ocrx_word' id='word_1_11' title='bbox 341 873 503 955; x_wconf 80' lang='lat' dir='ltr'>Deinde</span> <span class='ocrx_word' id='word_1_12' title='bbox 536 874 624 955; x_wconf 86' lang='lat' dir='ltr'>dux</span> <span class='ocrx_word' id='word_1_13' title='bbox 655 873 966 955; x_wconf 85' lang='lat' dir='ltr'>lherosolimam</span> <span class='ocrx_word' id='word_1_14' title='bbox 1008 873 1217 978; x_wconf 88' lang='lat' dir='ltr'>profectus</span> <span class='ocrx_word' id='word_1_15' title='bbox 1260 883 1333 973; x_wconf 89' lang='lat' dir='ltr'>est,</span> <span class='ocrx_word' id='word_1_16' title='bbox 1372 884 1543 952; x_wconf 89' lang='lat' dir='ltr'>etcum</span> <span class='ocrx_word' id='word_1_17' title='bbox 1576 896 1749 978; x_wconf 87' lang='lat' dir='ltr'>prospe·</span> 
     </span>
     <span class='ocr_line' id='line_1_5' title="bbox 341 989 1750 1100; baseline -0.003 -24"><span class='ocrx_word' id='word_1_18' title='bbox 341 996 459 1078; x_wconf 83' lang='lat' dir='ltr'>ritate</span> <span class='ocrx_word' id='word_1_19' title='bbox 491 996 665 1095; x_wconf 72' lang='lat' dir='ltr'>redient,</span> <span class='ocrx_word' id='word_1_20' title='bbox 702 1023 775 1076; x_wconf 87' lang='lat' dir='ltr'>rex</span> <span class='ocrx_word' id='word_1_21' title='bbox 810 1022 905 1076; x_wconf 91' lang='lat' dir='ltr'>eum</span> <span class='ocrx_word' id='word_1_22' title='bbox 940 995 1122 1100; x_wconf 83' lang='lat' dir='ltr'>suscepit</span> <span class='ocrx_word' id='word_1_23' title='bbox 1154 993 1205 1074; x_wconf 89' lang='lat' dir='ltr'>ad</span> <span class='ocrx_word' id='word_1_24' title='bbox 1244 1019 1403 1100; x_wconf 87' lang='lat' dir='ltr'>pacem.</span> <span class='ocrx_word' id='word_1_25' title='bbox 1451 989 1750 1074; x_wconf 80' lang='lat' dir='ltr'>Delectabatur</span> 
     </span>
     <span class='ocr_line' id='line_1_6' title="bbox 341 1115 1748 1220; baseline -0.002 -22"><span class='ocrx_word' id='word_1_26' title='bbox 341 1131 482 1200; x_wconf 87' lang='lat' dir='ltr'>autern</span> <span class='ocrx_word' id='word_1_27' title='bbox 514 1118 602 1199; x_wconf 89' lang='lat' dir='ltr'>dux</span> <span class='ocrx_word' id='word_1_28' title='bbox 633 1118 676 1198; x_wconf 93' lang='lat' dir='ltr'>in</span> <span class='ocrx_word' id='word_1_29' title='bbox 708 1116 1019 1218; x_wconf 75' lang='lat' dir='ltr'>uenaoionibuS,</span> <span class='ocrx_word' id='word_1_30' title='bbox 1053 1130 1095 1196; x_wconf 91' lang='lat' dir='ltr'>et</span> <span class='ocrx_word' id='word_1_31' title='bbox 1127 1115 1317 1198; x_wconf 87' lang='lat' dir='ltr'>assiduus</span> <span class='ocrx_word' id='word_1_32' title='bbox 1350 1127 1437 1195; x_wconf 86' lang='lat' dir='ltr'>erat</span> <span class='ocrx_word' id='word_1_33' title='bbox 1467 1116 1509 1196; x_wconf 92' lang='lat' dir='ltr'>in</span> <span class='ocrx_word' id='word_1_34' title='bbox 1528 1115 1599 1220; x_wconf 84' lang='lat' dir='ltr'>eis,</span> <span class='ocrx_word' id='word_1_35' title='bbox 1618 1115 1748 1197; x_wconf 87' lang='lat' dir='ltr'>etda·</span> 
     </span>
     <span class='ocr_line' id='line_1_7' title="bbox 341 1237 1396 1348; baseline -0.006 -25"><span class='ocrx_word' id='word_1_36' title='bbox 341 1242 413 1323; x_wconf 92' lang='lat' dir='ltr'>bat</span> <span class='ocrx_word' id='word_1_37' title='bbox 445 1241 482 1324; x_wconf 89' lang='lat' dir='ltr'>ei</span> <span class='ocrx_word' id='word_1_38' title='bbox 514 1267 588 1324; x_wconf 88' lang='lat' dir='ltr'>rex</span> <span class='ocrx_word' id='word_1_39' title='bbox 623 1237 764 1321; x_wconf 89' lang='lat' dir='ltr'>omnia</span> <span class='ocrx_word' id='word_1_40' title='bbox 795 1239 846 1320; x_wconf 86' lang='lat' dir='ltr'>ad</span> <span class='ocrx_word' id='word_1_41' title='bbox 879 1237 1119 1348; x_wconf 77' lang='lat' dir='ltr'>uenandum</span> <span class='ocrx_word' id='word_1_42' title='bbox 1153 1237 1396 1320; x_wconf 85' lang='lat' dir='ltr'>necessaria.</span> 
     </span>
    </p>
   </div>
   <div class='ocr_carea' id='block_1_4' title="bbox 523 1494 1566 1595">
    <p class='ocr_par' dir='ltr' id='par_1_4' title="bbox 523 1494 1566 1595">
     <span class='ocr_line' id='line_1_8' title="bbox 523 1494 1566 1595; baseline -0.008 -12"><span class='ocrx_word' id='word_1_43' title='bbox 523 1501 666 1584; x_wconf 90' lang='lat' dir='ltr'>LXVI.</span> <span class='ocrx_word' id='word_1_44' title='bbox 700 1497 769 1579; x_wconf 81' lang='lat' dir='ltr'>De</span> <span class='ocrx_word' id='word_1_45' title='bbox 797 1495 1137 1580; x_wconf 75' lang='lat' dir='ltr'>constructione</span> <span class='ocrx_word' id='word_1_46' title='bbox 1165 1494 1358 1577; x_wconf 75' lang='lat' dir='ltr'>ecclesie</span> <span class='ocrx_word' id='word_1_47' title='bbox 1385 1495 1566 1595; x_wconf 71' lang='lat' dir='ltr'>Demea,</span> 
     </span>
    </p>
   </div>
   <div class='ocr_carea' id='block_1_5' title="bbox 342 1727 1757 4764">
    <p class='ocr_par' dir='ltr' id='par_1_5' title="bbox 342 1727 1757 4764">
     <span class='ocr_line' id='line_1_9' title="bbox 501 1727 1750 1829; baseline -0.001 -20"><span class='ocrx_word' id='word_1_48' title='bbox 501 1727 601 1810; x_wconf 90' lang='lat' dir='ltr'>Dux</span> <span class='ocrx_word' id='word_1_49' title='bbox 634 1741 774 1812; x_wconf 89' lang='lat' dir='ltr'>autem</span> <span class='ocrx_word' id='word_1_50' title='bbox 808 1729 1039 1812; x_wconf 83' lang='lat' dir='ltr'>construxit</span> <span class='ocrx_word' id='word_1_51' title='bbox 1069 1728 1365 1810; x_wconf 87' lang='lat' dir='ltr'>monasterium</span> <span class='ocrx_word' id='word_1_52' title='bbox 1398 1727 1450 1808; x_wconf 89' lang='lat' dir='ltr'>de</span> <span class='ocrx_word' id='word_1_53' title='bbox 1482 1727 1649 1829; x_wconf 88' lang='lat' dir='ltr'>Demes,</span> <span class='ocrx_word' id='word_1_54' title='bbox 1682 1753 1750 1808; x_wconf 93' lang='lat' dir='ltr'>ro·</span> 
     </span>
     <span class='ocr_line' id='line_1_10' title="bbox 343 1849 1752 1958; baseline -0.001 -26"><span class='ocrx_word' id='word_1_55' title='bbox 343 1849 541 1958; x_wconf 86' lang='lat' dir='ltr'>gauitque</span> <span class='ocrx_word' id='word_1_56' title='bbox 573 1878 725 1958; x_wconf 83' lang='lat' dir='ltr'>regem,</span> <span class='ocrx_word' id='word_1_57' title='bbox 757 1865 804 1932; x_wconf 86' lang='lat' dir='ltr'>ut</span> <span class='ocrx_word' id='word_1_58' title='bbox 835 1851 886 1932; x_wconf 86' lang='lat' dir='ltr'>ad</span> <span class='ocrx_word' id='word_1_59' title='bbox 920 1851 1277 1933; x_wconf 81' lang='lat' dir='ltr'>consecracionem</span> <span class='ocrx_word' id='word_1_60' title='bbox 1311 1850 1483 1954; x_wconf 87' lang='lat' dir='ltr'>ueniret,</span> <span class='ocrx_word' id='word_1_61' title='bbox 1516 1863 1558 1931; x_wconf 91' lang='lat' dir='ltr'>et</span> <span class='ocrx_word' id='word_1_62' title='bbox 1588 1849 1752 1931; x_wconf 87' lang='lat' dir='ltr'>sicfac-</span> 
     </span>
     <span class='ocr_line' id='line_1_11' title="bbox 346 1969 1751 2080; baseline -0.003 -26"><span class='ocrx_word' id='word_1_63' title='bbox 346 1989 436 2055; x_wconf 89' lang='lat' dir='ltr'>tmn</span> <span class='ocrx_word' id='word_1_64' title='bbox 470 1986 543 2056; x_wconf 89' lang='lat' dir='ltr'>est.</span> <span class='ocrx_word' id='word_1_65' title='bbox 590 1974 687 2056; x_wconf 87' lang='lat' dir='ltr'>Post</span> <span class='ocrx_word' id='word_1_66' title='bbox 733 1999 859 2080; x_wconf 85' lang='lat' dir='ltr'>quarn</span> <span class='ocrx_word' id='word_1_67' title='bbox 906 1973 1077 2080; x_wconf 86' lang='lat' dir='ltr'>palatini</span> <span class='ocrx_word' id='word_1_68' title='bbox 1125 1974 1379 2056; x_wconf 84' lang='lat' dir='ltr'>accusabant</span> <span class='ocrx_word' id='word_1_69' title='bbox 1425 1972 1587 2075; x_wconf 90' lang='lat' dir='ltr'>ducem,</span> <span class='ocrx_word' id='word_1_70' title='bbox 1636 1969 1751 2078; x_wconf 92' lang='lat' dir='ltr'>quod</span> 
     </span>
     <span class='ocr_line' id='line_1_12' title="bbox 344 2089 1756 2203; baseline -0.004 -25"><span class='ocrx_word' id='word_1_71' title='bbox 344 2095 514 2178; x_wconf 85' lang='lat' dir='ltr'>insidias</span> <span class='ocrx_word' id='word_1_72' title='bbox 547 2107 816 2203; x_wconf 84' lang='lat' dir='ltr'>preparasset,</span> <span class='ocrx_word' id='word_1_73' title='bbox 850 2111 897 2176; x_wconf 92' lang='lat' dir='ltr'>ut</span> <span class='ocrx_word' id='word_1_74' title='bbox 929 2095 1175 2176; x_wconf 79' lang='lat' dir='ltr'>interficeret</span> <span class='ocrx_word' id='word_1_75' title='bbox 1191 2121 1328 2200; x_wconf 85' lang='lat' dir='ltr'>regem</span> <span class='ocrx_word' id='word_1_76' title='bbox 1347 2095 1389 2175; x_wconf 93' lang='lat' dir='ltr'>in</span> <span class='ocrx_word' id='word_1_77' title='bbox 1407 2093 1713 2177; x_wconf 90' lang='lat' dir='ltr'>constructione</span> <span class='ocrx_word' id='word_1_78' title='bbox 1726 2089 1756 2199; x_wconf 89' lang='lat'>¹)</span> 
     </span>
     <span class='ocr_line' id='line_1_13' title="bbox 345 2215 1756 2323; baseline -0.002 -24"><span class='ocrx_word' id='word_1_79' title='bbox 345 2218 583 2301; x_wconf 89' lang='lat' dir='ltr'>monasterii</span> <span class='ocrx_word' id='word_1_80' title='bbox 613 2218 690 2301; x_wconf 90' lang='lat' dir='ltr'>sui.</span> <span class='ocrx_word' id='word_1_81' title='bbox 724 2216 843 2313; x_wconf 84' lang='lat' dir='ltr'>Quod</span> <span class='ocrx_word' id='word_1_82' title='bbox 878 2231 919 2298; x_wconf 91' lang='lat' dir='ltr'>et</span> <span class='ocrx_word' id='word_1_83' title='bbox 950 2218 1053 2298; x_wconf 88' lang='lat' dir='ltr'>forte</span> <span class='ocrx_word' id='word_1_84' title='bbox 1085 2217 1261 2320; x_wconf 82' lang='lat' dir='ltr'>lecisset,</span> <span class='ocrx_word' id='word_1_85' title='bbox 1294 2215 1373 2299; x_wconf 90' lang='lat' dir='ltr'>nisi</span> <span class='ocrx_word' id='word_1_86' title='bbox 1405 2217 1525 2298; x_wconf 83' lang='lat' dir='ltr'>amici</span> <span class='ocrx_word' id='word_1_87' title='bbox 1558 2215 1663 2321; x_wconf 86' lang='lat' dir='ltr'>regis</span> <span class='ocrx_word' id='word_1_88' title='bbox 1691 2215 1756 2323; x_wconf 90' lang='lat' dir='ltr'>ip·</span> 
     </span>
     <span class='ocr_line' id='line_1_14' title="bbox 343 2333 1756 2446; baseline -0.004 -24"><span class='ocrx_word' id='word_1_89' title='bbox 343 2369 437 2422; x_wconf 89' lang='lat' dir='ltr'>sum</span> <span class='ocrx_word' id='word_1_90' title='bbox 471 2339 788 2446; x_wconf 85' lang='lat' dir='ltr'>uigilantissime</span> <span class='ocrx_word' id='word_1_91' title='bbox 822 2339 1109 2422; x_wconf 87' lang='lat' dir='ltr'>custodissent.</span> <span class='ocrx_word' id='word_1_92' title='bbox 1141 2340 1229 2421; x_wconf 87' lang='lat' dir='ltr'>Rex</span> <span class='ocrx_word' id='word_1_93' title='bbox 1249 2353 1387 2422; x_wconf 85' lang='lat' dir='ltr'>autem</span> <span class='ocrx_word' id='word_1_94' title='bbox 1421 2339 1548 2421; x_wconf 85' lang='lat' dir='ltr'>iratus</span> <span class='ocrx_word' id='word_1_95' title='bbox 1579 2333 1756 2445; x_wconf 61' lang='lat' dir='ltr'>voluitl)</span> 
     </span>
     <span class='ocr_line' id='line_1_15' title="bbox 344 2459 1756 2570; baseline -0.002 -27"><span class='ocrx_word' id='word_1_96' title='bbox 344 2489 493 2569; x_wconf 85' lang='lat' dir='ltr'>capere</span> <span class='ocrx_word' id='word_1_97' title='bbox 526 2489 635 2566; x_wconf 89' lang='lat' dir='ltr'>eum,</span> <span class='ocrx_word' id='word_1_98' title='bbox 668 2463 741 2544; x_wconf 88' lang='lat' dir='ltr'>sed</span> <span class='ocrx_word' id='word_1_99' title='bbox 773 2459 1135 2569; x_wconf 82' lang='lat' dir='ltr'>reuerentissimi³)</span> <span class='ocrx_word' id='word_1_100' title='bbox 1170 2461 1353 2570; x_wconf 89' lang='lat' dir='ltr'>episcopi</span> <span class='ocrx_word' id='word_1_101' title='bbox 1375 2475 1414 2542; x_wconf 90' lang='lat' dir='ltr'>et</span> <span class='ocrx_word' id='word_1_102' title='bbox 1440 2460 1622 2542; x_wconf 88' lang='lat' dir='ltr'>aliiboni</span> <span class='ocrx_word' id='word_1_103' title='bbox 1639 2459 1756 2568; x_wconf 91' lang='lat' dir='ltr'>prin·</span> 
     </span>
     <span class='ocr_line' id='line_1_16' title="bbox 346 2576 1756 2691; baseline 0 -27"><span class='ocrx_word' id='word_1_104' title='bbox 346 2584 458 2691; x_wconf 88' lang='lat' dir='ltr'>cipes</span> <span class='ocrx_word' id='word_1_105' title='bbox 491 2583 668 2666; x_wconf 89' lang='lat' dir='ltr'>scientes</span> <span class='ocrx_word' id='word_1_106' title='bbox 699 2585 851 2667; x_wconf 86' lang='lat' dir='ltr'>falsum</span> <span class='ocrx_word' id='word_1_107' title='bbox 884 2611 974 2667; x_wconf 88' lang='lat' dir='ltr'>esse</span> <span class='ocrx_word' id='word_1_108' title='bbox 1007 2585 1119 2690; x_wconf 92' lang='lat' dir='ltr'>quod</span> <span class='ocrx_word' id='word_1_109' title='bbox 1152 2612 1205 2666; x_wconf 89' lang='lat' dir='ltr'>ex</span> <span class='ocrx_word' id='word_1_110' title='bbox 1239 2576 1537 2690; x_wconf 80' lang='lat' dir='ltr'>conlectione⁴)</span> <span class='ocrx_word' id='word_1_111' title='bbox 1563 2580 1756 2664; x_wconf 90' lang='lat' dir='ltr'>inimico·</span> 
     </span>
     <span class='ocr_line' id='line_1_17' title="bbox 343 2703 1752 2815; baseline 0 -29"><span class='ocrx_word' id='word_1_112' title='bbox 343 2733 437 2786; x_wconf 90' lang='lat' dir='ltr'>rum</span> <span class='ocrx_word' id='word_1_113' title='bbox 468 2706 565 2787; x_wconf 91' lang='lat' dir='ltr'>duci</span> <span class='ocrx_word' id='word_1_114' title='bbox 596 2706 899 2814; x_wconf 86' lang='lat' dir='ltr'>imponebatur,</span> <span class='ocrx_word' id='word_1_115' title='bbox 918 2706 1238 2790; x_wconf 84' lang='lat' dir='ltr'>intercesserunt</span> <span class='ocrx_word' id='word_1_116' title='bbox 1263 2733 1335 2815; x_wconf 93' lang='lat' dir='ltr'>pro</span> <span class='ocrx_word' id='word_1_117' title='bbox 1369 2732 1418 2788; x_wconf 89' lang='lat' dir='ltr'>eo</span> <span class='ocrx_word' id='word_1_118' title='bbox 1451 2703 1563 2814; x_wconf 88' lang='lat' dir='ltr'>apud</span> <span class='ocrx_word' id='word_1_119' title='bbox 1595 2730 1752 2810; x_wconf 88' lang='lat' dir='ltr'>regem,</span> 
     </span>
     <span class='ocr_line' id='line_1_18' title="bbox 344 2824 1755 2935; baseline -0.001 -27"><span class='ocrx_word' id='word_1_120' title='bbox 344 2841 385 2908; x_wconf 92' lang='lat' dir='ltr'>et</span> <span class='ocrx_word' id='word_1_121' title='bbox 416 2828 743 2935; x_wconf 89' lang='lat' dir='ltr'>pacificauerunt</span> <span class='ocrx_word' id='word_1_122' title='bbox 774 2854 844 2911; x_wconf 90' lang='lat' dir='ltr'>eos</span> <span class='ocrx_word' id='word_1_123' title='bbox 876 2829 1118 2934; x_wconf 80' lang='lat' dir='ltr'>iuramento,</span> <span class='ocrx_word' id='word_1_124' title='bbox 1152 2829 1388 2935; x_wconf 87' lang='lat' dir='ltr'>dimisitque</span> <span class='ocrx_word' id='word_1_125' title='bbox 1406 2827 1556 2909; x_wconf 92' lang='lat' dir='ltr'>ducem</span> <span class='ocrx_word' id='word_1_126' title='bbox 1574 2824 1615 2906; x_wconf 92' lang='lat' dir='ltr'>in</span> <span class='ocrx_word' id='word_1_127' title='bbox 1633 2852 1755 2933; x_wconf 87' lang='lat' dir='ltr'>pace,</span> 
     </span>
     <span class='ocr_line' id='line_1_19' title="bbox 343 2947 1756 3058; baseline -0.001 -27"><span class='ocrx_word' id='word_1_128' title='bbox 343 2962 391 3031; x_wconf 92' lang='lat' dir='ltr'>ut</span> <span class='ocrx_word' id='word_1_129' title='bbox 422 2949 462 3031; x_wconf 92' lang='lat' dir='ltr'>in</span> <span class='ocrx_word' id='word_1_130' title='bbox 496 2950 639 3032; x_wconf 85' lang='lat' dir='ltr'>Bokon</span> <span class='ocrx_word' id='word_1_131' title='bbox 672 2962 906 3033; x_wconf 88' lang='lat' dir='ltr'>uenaretur.</span> <span class='ocrx_word' id='word_1_132' title='bbox 940 2950 1132 3058; x_wconf 86' lang='lat' dir='ltr'>Misitque</span> <span class='ocrx_word' id='word_1_133' title='bbox 1166 2979 1260 3032; x_wconf 91' lang='lat' dir='ltr'>cum</span> <span class='ocrx_word' id='word_1_134' title='bbox 1296 2975 1344 3031; x_wconf 93' lang='lat' dir='ltr'>eo</span> <span class='ocrx_word' id='word_1_135' title='bbox 1377 2951 1481 3032; x_wconf 90' lang='lat' dir='ltr'>duos</span> <span class='ocrx_word' id='word_1_136' title='bbox 1512 2947 1756 3054; x_wconf 87' lang='lat' dir='ltr'>iobagiones</span> 
     </span>
     <span class='ocr_line' id='line_1_20' title="bbox 343 3070 1757 3181; baseline 0 -27"><span class='ocrx_word' id='word_1_137' title='bbox 343 3073 422 3154; x_wconf 90' lang='lat' dir='ltr'>sub</span> <span class='ocrx_word' id='word_1_138' title='bbox 455 3085 649 3180; x_wconf 90' lang='lat' dir='ltr'>pretextu</span> <span class='ocrx_word' id='word_1_139' title='bbox 681 3072 909 3154; x_wconf 88' lang='lat' dir='ltr'>honorandi</span> <span class='ocrx_word' id='word_1_140' title='bbox 942 3098 1061 3174; x_wconf 75' lang='lat' dir='ltr'>eum,</span> <span class='ocrx_word' id='word_1_141' title='bbox 1095 3100 1198 3181; x_wconf 88' lang='lat' dir='ltr'>quos</span> <span class='ocrx_word' id='word_1_142' title='bbox 1230 3085 1370 3153; x_wconf 91' lang='lat' dir='ltr'>tamen</span> <span class='ocrx_word' id='word_1_143' title='bbox 1394 3070 1757 3154; x_wconf 85' lang='lat' dir='ltr'>clanculoinstru·</span> 
     </span>
     <span class='ocr_line' id='line_1_21' title="bbox 343 3193 1757 3303; baseline 0.001 -30"><span class='ocrx_word' id='word_1_144' title='bbox 343 3207 472 3298; x_wconf 88' lang='lat' dir='ltr'>xerat,</span> <span class='ocrx_word' id='word_1_145' title='bbox 507 3208 553 3277; x_wconf 92' lang='lat' dir='ltr'>ut</span> <span class='ocrx_word' id='word_1_146' title='bbox 585 3195 771 3277; x_wconf 89' lang='lat' dir='ltr'>animum</span> <span class='ocrx_word' id='word_1_147' title='bbox 804 3194 920 3276; x_wconf 89' lang='lat' dir='ltr'>ducis</span> <span class='ocrx_word' id='word_1_148' title='bbox 953 3194 1164 3278; x_wconf 89' lang='lat' dir='ltr'>sollercius</span> <span class='ocrx_word' id='word_1_149' title='bbox 1198 3195 1472 3303; x_wconf 85' lang='lat' dir='ltr'>explorarent,</span> <span class='ocrx_word' id='word_1_150' title='bbox 1490 3193 1525 3276; x_wconf 88' lang='lat' dir='ltr'>si</span> <span class='ocrx_word' id='word_1_151' title='bbox 1556 3193 1643 3274; x_wconf 89' lang='lat' dir='ltr'>dux</span> <span class='ocrx_word' id='word_1_152' title='bbox 1679 3193 1757 3274; x_wconf 89' lang='lat' dir='ltr'>ad-</span> 
     </span>
     <span class='ocr_line' id='line_1_22' title="bbox 344 3313 1757 3424; baseline -0.001 -26"><span class='ocrx_word' id='word_1_153' title='bbox 344 3345 489 3400; x_wconf 90' lang='lat' dir='ltr'>uersus</span> <span class='ocrx_word' id='word_1_154' title='bbox 537 3345 677 3422; x_wconf 83' lang='lat' dir='ltr'>regem</span> <span class='ocrx_word' id='word_1_155' title='bbox 688 3313 718 3424; x_wconf 91' lang='lat'>⁵)</span> <span class='ocrx_word' id='word_1_156' title='bbox 761 3316 1076 3421; x_wconf 87' lang='lat' dir='ltr'>machinaretur,</span> <span class='ocrx_word' id='word_1_157' title='bbox 1122 3318 1208 3423; x_wconf 88' lang='lat' dir='ltr'>regi</span> <span class='ocrx_word' id='word_1_158' title='bbox 1254 3317 1510 3397; x_wconf 86' lang='lat' dir='ltr'>nunciarent.</span> <span class='ocrx_word' id='word_1_159' title='bbox 1559 3313 1757 3420; x_wconf 86' lang='lat' dir='ltr'>Cumque</span> 
     </span>
     <span class='ocr_line' id='line_1_23' title="bbox 344 3436 1755 3544; baseline -0.001 -25"><span class='ocrx_word' id='word_1_160' title='bbox 344 3439 529 3521; x_wconf 86' lang='lat' dir='ltr'>uenisset</span> <span class='ocrx_word' id='word_1_161' title='bbox 560 3439 647 3521; x_wconf 92' lang='lat' dir='ltr'>dux</span> <span class='ocrx_word' id='word_1_162' title='bbox 679 3439 720 3519; x_wconf 92' lang='lat' dir='ltr'>in</span> <span class='ocrx_word' id='word_1_163' title='bbox 756 3438 904 3540; x_wconf 88' lang='lat' dir='ltr'>Chour,</span> <span class='ocrx_word' id='word_1_164' title='bbox 939 3452 980 3519; x_wconf 92' lang='lat' dir='ltr'>et</span> <span class='ocrx_word' id='word_1_165' title='bbox 1012 3455 1149 3522; x_wconf 87' lang='lat' dir='ltr'>asture</span> <span class='ocrx_word' id='word_1_166' title='bbox 1181 3438 1307 3522; x_wconf 90' lang='lat' dir='ltr'>misso</span> <span class='ocrx_word' id='word_1_167' title='bbox 1335 3437 1541 3520; x_wconf 90' lang='lat' dir='ltr'>cornicem</span> <span class='ocrx_word' id='word_1_168' title='bbox 1560 3436 1755 3544; x_wconf 89' lang='lat' dir='ltr'>cepisset,</span> 
     </span>
     <span class='ocr_line' id='line_1_24' title="bbox 343 3557 1755 3667; baseline -0.001 -25"><span class='ocrx_word' id='word_1_169' title='bbox 343 3561 519 3667; x_wconf 88' lang='lat' dir='ltr'>simplici</span> <span class='ocrx_word' id='word_1_170' title='bbox 552 3561 689 3642; x_wconf 94' lang='lat' dir='ltr'>animo</span> <span class='ocrx_word' id='word_1_171' title='bbox 722 3559 827 3641; x_wconf 84' lang='lat' dir='ltr'>dixit</span> <span class='ocrx_word' id='word_1_172' title='bbox 857 3560 1164 3666; x_wconf 82' lang='lat' dir='ltr'>iobagionibus:</span> <span class='ocrx_word' id='word_1_173' title='bbox 1191 3560 1339 3642; x_wconf 92' lang='lat' dir='ltr'>Nonne</span> <span class='ocrx_word' id='word_1_174' title='bbox 1371 3557 1514 3640; x_wconf 88' lang='lat' dir='ltr'>cornix</span> <span class='ocrx_word' id='word_1_175' title='bbox 1546 3557 1755 3640; x_wconf 87' lang='lat' dir='ltr'>istaiura·</span> 
     </span>
     <span class='ocr_line' id='line_1_25' title="bbox 342 3681 1754 3786; baseline 0.001 -26"><span class='ocrx_word' id='word_1_176' title='bbox 342 3694 406 3762; x_wconf 90' lang='lat' dir='ltr'>ret</span> <span class='ocrx_word' id='word_1_177' title='bbox 436 3682 574 3784; x_wconf 87' lang='lat' dir='ltr'>asturi,</span> <span class='ocrx_word' id='word_1_178' title='bbox 606 3695 654 3765; x_wconf 87' lang='lat' dir='ltr'>ut</span> <span class='ocrx_word' id='word_1_179' title='bbox 684 3682 719 3764; x_wconf 90' lang='lat' dir='ltr'>si</span> <span class='ocrx_word' id='word_1_180' title='bbox 751 3709 845 3764; x_wconf 86' lang='lat' dir='ltr'>eam</span> <span class='ocrx_word' id='word_1_181' title='bbox 884 3681 1117 3786; x_wconf 86' lang='lat' dir='ltr'>dimitteret,</span> <span class='ocrx_word' id='word_1_182' title='bbox 1159 3684 1211 3765; x_wconf 94' lang='lat' dir='ltr'>de</span> <span class='ocrx_word' id='word_1_183' title='bbox 1244 3695 1379 3764; x_wconf 90' lang='lat' dir='ltr'>cetero</span> <span class='ocrx_word' id='word_1_184' title='bbox 1420 3707 1503 3762; x_wconf 92' lang='lat' dir='ltr'>non</span> <span class='ocrx_word' id='word_1_185' title='bbox 1546 3681 1754 3762; x_wconf 84' lang='lat' dir='ltr'>uocifera-</span> 
     </span>
     <span class='ocr_line' id='line_1_26' title="bbox 342 3801 1757 3911; baseline 0 -28"><span class='ocrx_word' id='word_1_186' title='bbox 342 3807 482 3884; x_wconf 82' lang='lat' dir='ltr'>retur?</span> <span class='ocrx_word' id='word_1_187' title='bbox 513 3805 577 3885; x_wconf 88' lang='lat' dir='ltr'>llli</span> <span class='ocrx_word' id='word_1_188' title='bbox 608 3817 747 3885; x_wconf 88' lang='lat' dir='ltr'>autem</span> <span class='ocrx_word' id='word_1_189' title='bbox 792 3803 1062 3911; x_wconf 87' lang='lat' dir='ltr'>respondent:</span> <span class='ocrx_word' id='word_1_190' title='bbox 1100 3803 1221 3900; x_wconf 83' lang='lat' dir='ltr'>Quod</span> <span class='ocrx_word' id='word_1_191' title='bbox 1256 3831 1335 3886; x_wconf 92' lang='lat' dir='ltr'>nec</span> <span class='ocrx_word' id='word_1_192' title='bbox 1375 3819 1488 3886; x_wconf 85' lang='lat' dir='ltr'>astur</span> <span class='ocrx_word' id='word_1_193' title='bbox 1527 3801 1757 3884; x_wconf 88' lang='lat' dir='ltr'>dimitteret</span> 
     </span>
     <span class='ocr_line' id='line_1_27' title="bbox 344 3925 1754 4033; baseline 0.002 -29"><span class='ocrx_word' id='word_1_194' title='bbox 344 3925 550 4006; x_wconf 89' lang='lat' dir='ltr'>cornicem</span> <span class='ocrx_word' id='word_1_195' title='bbox 589 3939 758 4033; x_wconf 90' lang='lat' dir='ltr'>propter</span> <span class='ocrx_word' id='word_1_196' title='bbox 798 3925 1089 4029; x_wconf 90' lang='lat' dir='ltr'>iuramentum,</span> <span class='ocrx_word' id='word_1_197' title='bbox 1133 3955 1211 4009; x_wconf 91' lang='lat' dir='ltr'>nec</span> <span class='ocrx_word' id='word_1_198' title='bbox 1255 3926 1399 4007; x_wconf 88' lang='lat' dir='ltr'>cornix</span> <span class='ocrx_word' id='word_1_199' title='bbox 1430 3926 1563 4006; x_wconf 87' lang='lat' dir='ltr'>iurare</span> <span class='ocrx_word' id='word_1_200' title='bbox 1596 3937 1754 4031; x_wconf 88' lang='lat' dir='ltr'>posset,</span> 
     </span>
     <span class='ocr_line' id='line_1_28' title="bbox 344 4046 1756 4155; baseline 0 -28"><span class='ocrx_word' id='word_1_201' title='bbox 344 4074 441 4128; x_wconf 92' lang='lat' dir='ltr'>cum</span> <span class='ocrx_word' id='word_1_202' title='bbox 473 4047 526 4129; x_wconf 87' lang='lat' dir='ltr'>sit</span> <span class='ocrx_word' id='word_1_203' title='bbox 557 4047 710 4128; x_wconf 86' lang='lat' dir='ltr'>animal</span> <span class='ocrx_word' id='word_1_204' title='bbox 742 4046 994 4130; x_wconf 87' lang='lat' dir='ltr'>irracionale.</span> <span class='ocrx_word' id='word_1_205' title='bbox 1027 4048 1183 4130; x_wconf 85' lang='lat' dir='ltr'>Eadem</span> <span class='ocrx_word' id='word_1_206' title='bbox 1214 4074 1315 4130; x_wconf 91' lang='lat' dir='ltr'>uero</span> <span class='ocrx_word' id='word_1_207' title='bbox 1334 4047 1460 4155; x_wconf 88' lang='lat'>(106)</span> <span class='ocrx_word' id='word_1_208' title='bbox 1482 4059 1603 4128; x_wconf 89' lang='lat' dir='ltr'>nocte</span> <span class='ocrx_word' id='word_1_209' title='bbox 1621 4047 1756 4128; x_wconf 89' lang='lat' dir='ltr'>uerba</span> 
     </span>
     <span class='ocr_line' id='line_1_29' title="bbox 343 4157 1754 4274; baseline 0.001 -26"><span class='ocrx_word' id='word_1_210' title='bbox 343 4168 461 4250; x_wconf 89' lang='lat' dir='ltr'>ducis</span> <span class='ocrx_word' id='word_1_211' title='bbox 503 4169 587 4274; x_wconf 84' lang='lat' dir='ltr'>regi</span> <span class='ocrx_word' id='word_1_212' title='bbox 626 4169 943 4252; x_wconf 86' lang='lat' dir='ltr'>nunciauerunt.</span> <span class='ocrx_word' id='word_1_213' title='bbox 991 4170 1091 4252; x_wconf 87' lang='lat' dir='ltr'>Dux</span> <span class='ocrx_word' id='word_1_214' title='bbox 1139 4184 1277 4253; x_wconf 87' lang='lat' dir='ltr'>autern</span> <span class='ocrx_word' id='word_1_215' title='bbox 1321 4157 1496 4252; x_wconf 81' lang='lat' dir='ltr'>ueniens</span> <span class='ocrx_word' id='word_1_216' title='bbox 1531 4168 1574 4249; x_wconf 91' lang='lat' dir='ltr'>in</span> <span class='ocrx_word' id='word_1_217' title='bbox 1605 4169 1754 4250; x_wconf 88' lang='lat' dir='ltr'>Bokon</span> 
     </span>
     <span class='ocr_line' id='line_1_30' title="bbox 343 4290 1755 4396; baseline 0.001 -25"><span class='ocrx_word' id='word_1_218' title='bbox 343 4317 469 4372; x_wconf 86' lang='lat' dir='ltr'>causa</span> <span class='ocrx_word' id='word_1_219' title='bbox 501 4291 683 4372; x_wconf 89' lang='lat' dir='ltr'>uenandi</span> <span class='ocrx_word' id='word_1_220' title='bbox 715 4292 852 4375; x_wconf 88' lang='lat' dir='ltr'>statim</span> <span class='ocrx_word' id='word_1_221' title='bbox 886 4293 1120 4375; x_wconf 87' lang='lat' dir='ltr'>absentanit</span> <span class='ocrx_word' id='word_1_222' title='bbox 1151 4319 1196 4376; x_wconf 89' lang='lat' dir='ltr'>se</span> <span class='ocrx_word' id='word_1_223' title='bbox 1228 4293 1281 4374; x_wconf 87' lang='lat' dir='ltr'>ab</span> <span class='ocrx_word' id='word_1_224' title='bbox 1313 4292 1404 4394; x_wconf 90' lang='lat' dir='ltr'>illis,</span> <span class='ocrx_word' id='word_1_225' title='bbox 1423 4303 1464 4372; x_wconf 91' lang='lat' dir='ltr'>et</span> <span class='ocrx_word' id='word_1_226' title='bbox 1478 4291 1584 4396; x_wconf 82' lang='lat' dir='ltr'>fugit</span> <span class='ocrx_word' id='word_1_227' title='bbox 1599 4290 1755 4373; x_wconf 89' lang='lat' dir='ltr'>iterum</span> 
     </span>
     <span class='ocr_line' id='line_1_31' title="bbox 342 4412 1754 4522; baseline 0.001 -30"><span class='ocrx_word' id='word_1_228' title='bbox 342 4412 394 4493; x_wconf 91' lang='lat' dir='ltr'>ad</span> <span class='ocrx_word' id='word_1_229' title='bbox 412 4412 599 4516; x_wconf 87' lang='lat' dir='ltr'>Patauos,</span> <span class='ocrx_word' id='word_1_230' title='bbox 616 4413 721 4518; x_wconf 84' lang='lat' dir='ltr'>regis</span> <span class='ocrx_word' id='word_1_231' title='bbox 738 4414 1042 4497; x_wconf 90' lang='lat' dir='ltr'>teutonicorum</span> <span class='ocrx_word' id='word_1_232' title='bbox 1075 4414 1278 4497; x_wconf 88' lang='lat' dir='ltr'>auxilium</span> <span class='ocrx_word' id='word_1_233' title='bbox 1303 4414 1608 4522; x_wconf 87' lang='lat' dir='ltr'>imploraturus.</span> <span class='ocrx_word' id='word_1_234' title='bbox 1626 4413 1754 4494; x_wconf 85' lang='lat' dir='ltr'>Anno</span> 
     </span>
     <span class='ocr_line' id='line_1_32' title="bbox 343 4533 1754 4643; baseline 0.003 -29"><span class='ocrx_word' id='word_1_235' title='bbox 343 4534 499 4616; x_wconf 93' lang='lat' dir='ltr'>domini</span> <span class='ocrx_word' id='word_1_236' title='bbox 530 4534 618 4618; x_wconf 86' lang='lat' dir='ltr'>lli-o</span> <span class='ocrx_word' id='word_1_237' title='bbox 651 4533 728 4616; x_wconf 89' lang='lat' dir='ltr'>C·o</span> <span class='ocrx_word' id='word_1_238' title='bbox 760 4535 885 4618; x_wconf 88' lang='lat' dir='ltr'>XII-o</span> <span class='ocrx_word' id='word_1_239' title='bbox 923 4535 970 4618; x_wconf 91' lang='lat' dir='ltr'>N.</span> <span class='ocrx_word' id='word_1_240' title='bbox 1003 4537 1111 4620; x_wconf 87' lang='lat' dir='ltr'>filius</span> <span class='ocrx_word' id='word_1_241' title='bbox 1158 4537 1264 4643; x_wconf 85' lang='lat' dir='ltr'>regis</span> <span class='ocrx_word' id='word_1_242' title='bbox 1305 4535 1520 4618; x_wconf 83' lang='lat' dir='ltr'>Colomani</span> <span class='ocrx_word' id='word_1_243' title='bbox 1562 4548 1754 4618; x_wconf 91' lang='lat' dir='ltr'>mortuus</span> 
     </span>
     <span class='ocr_line' id='line_1_33' title="bbox 344 4656 1753 4764; baseline 0.001 -27"><span class='ocrx_word' id='word_1_244' title='bbox 344 4671 417 4760; x_wconf 89' lang='lat' dir='ltr'>est,</span> <span class='ocrx_word' id='word_1_245' title='bbox 451 4671 493 4737; x_wconf 90' lang='lat' dir='ltr'>et</span> <span class='ocrx_word' id='word_1_246' title='bbox 523 4685 599 4738; x_wconf 85' lang='lat' dir='ltr'>rex</span> <span class='ocrx_word' id='word_1_247' title='bbox 631 4658 859 4740; x_wconf 86' lang='lat' dir='ltr'>secundam</span> <span class='ocrx_word' id='word_1_248' title='bbox 892 4657 1014 4740; x_wconf 91' lang='lat' dir='ltr'>duxit</span> <span class='ocrx_word' id='word_1_249' title='bbox 1055 4687 1230 4742; x_wconf 86' lang='lat' dir='ltr'>uxorem</span> <span class='ocrx_word' id='word_1_250' title='bbox 1264 4659 1315 4740; x_wconf 91' lang='lat' dir='ltr'>de</span> <span class='ocrx_word' id='word_1_251' title='bbox 1348 4656 1509 4762; x_wconf 81' lang='lat' dir='ltr'>Roscia,</span> <span class='ocrx_word' id='word_1_252' title='bbox 1548 4683 1674 4764; x_wconf 91' lang='lat' dir='ltr'>quam</span> <span class='ocrx_word' id='word_1_253' title='bbox 1707 4657 1753 4739; x_wconf 95' lang='lat' dir='ltr'>in</span> 
     </span>
    </p>
   </div>
   <div class='ocr_carea' id='block_1_6' title="bbox 343 4847 550 4857">
    <p class='ocr_par' dir='ltr' id='par_1_6' title="bbox 343 4847 550 4857">
     <span class='ocr_line' id='line_1_34' title="bbox 343 4847 550 4857; baseline 0 -1"><span class='ocrx_word' id='word_1_254' title='bbox 343 4847 550 4857; x_wconf 50' lang='grc' dir='ltr'><strong>ψ</strong></span> 
     </span>
    </p>
   </div>
   <div class='ocr_carea' id='block_1_7' title="bbox 346 4911 1750 5125">
    <p class='ocr_par' dir='ltr' id='par_1_7' title="bbox 346 4911 1750 5125">
     <span class='ocr_line' id='line_1_35' title="bbox 452 4911 1750 5020; baseline -0.001 -29"><span class='ocrx_word' id='word_1_255' title='bbox 452 4911 477 5010; x_wconf 88' lang='lat'>¹)</span> <span class='ocrx_word' id='word_1_256' title='bbox 507 4918 585 4991; x_wconf 80' lang='lat' dir='ltr'>Cod.</span> <span class='ocrx_word' id='word_1_257' title='bbox 622 4939 705 5009; x_wconf 89' lang='lat' dir='ltr'>pro:</span> <span class='ocrx_word' id='word_1_258' title='bbox 744 4917 1008 4991; x_wconf 83' lang='lat' dir='ltr'>consecratione.</span> <span class='ocrx_word' id='word_1_259' title='bbox 1048 4916 1075 5015; x_wconf 75' lang='lat'>²)</span> <span class='ocrx_word' id='word_1_260' title='bbox 1104 4921 1239 4993; x_wconf 84' lang='lat' dir='ltr'>mlobat</span> <span class='ocrx_word' id='word_1_261' title='bbox 1280 4919 1318 4991; x_wconf 74' lang='lat' dir='ltr'>r.</span> <span class='ocrx_word' id='word_1_262' title='bbox 1360 4912 1388 5020; x_wconf 80' lang='lat'>³)</span> <span class='ocrx_word' id='word_1_263' title='bbox 1418 4915 1750 4992; x_wconf 83' lang='lat' dir='ltr'>reuerentissimum.</span> 
     </span>
     <span class='ocr_line' id='line_1_36' title="bbox 346 5015 1042 5125; baseline -0.007 -23"><span class='ocrx_word' id='word_1_264' title='bbox 346 5021 426 5102; x_wconf 78' lang='lat' dir='ltr'>ooo.</span> <span class='ocrx_word' id='word_1_265' title='bbox 457 5017 484 5125; x_wconf 80' lang='lat'>⁴)</span> <span class='ocrx_word' id='word_1_266' title='bbox 514 5020 728 5100; x_wconf 79' lang='lat' dir='ltr'>confictione.</span> <span class='ocrx_word' id='word_1_267' title='bbox 758 5023 797 5096; x_wconf 82' lang='lat' dir='ltr'>T.</span> <span class='ocrx_word' id='word_1_268' title='bbox 828 5015 857 5119; x_wconf 78' lang='lat'>⁵)</span> <span class='ocrx_word' id='word_1_269' title='bbox 886 5045 973 5100; x_wconf 83' lang='lat' dir='ltr'>eunt.</span> <span class='ocrx_word' id='word_1_270' title='bbox 1004 5023 1042 5100; x_wconf 88' lang='grc' dir='ltr'>Τ.</span> 
     </span>
    </p>
   </div>
   <div class='ocr_carea' id='block_1_8' title="bbox 0 0 1954 5748">
    <p class='ocr_par' dir='ltr' id='par_1_8' title="bbox 0 0 1954 5748">
     <span class='ocr_line' id='line_1_37' title="bbox 0 0 1954 5748; baseline 0 0"><span class='ocrx_word' id='word_1_271' title='bbox 0 0 1954 5748; x_wconf 95' lang='lat' dir='ltr'> </span> 
     </span>
    </p>
   </div>
  </div>
 </body>
</html>
