1190 1585
633 206 654 228 π

293 271 330 293 per
346 263 421 286 Forum
438 265 484 286 Iulii
501 265 577 286 intrant
592 265 743 291 Lombardiam,
760 265 796 286 ubi
808 265 928 286 Luitardum
938 265 997 287 Wer-

293 295 392 323 eellane¹)
410 296 498 317 ciuitatis
522 296 642 323 episcopum
667 296 796 323 imperatoris
817 296 884 317 Caroli
901 297 997 318 consilia-

292 327 345 347 rium
361 327 483 347 fidissimum
501 327 625 352 occidentes,
642 333 668 347 ex
685 326 750 353 ipsius
772 327 859 347 ecclesia
875 327 996 348 thesaurum

292 357 407 378 maximum
424 360 551 384 rapuerunt:
568 360 652 384 totaque
676 364 730 384 pene
751 357 874 378 Lombardia
897 358 997 378 demolita

292 395 340 408 eum
358 388 449 408 maxima
465 388 529 415 preda
545 388 564 408 in
582 387 708 408 Pannoniam
731 391 868 408 reuertuntur.
892 388 940 409 Post
956 389 996 409 hee

292 418 404 439 Saxoniam
427 418 560 444 Thuringiam
585 418 682 439 Sueuiam
707 418 764 438 Reno
790 418 843 439 cirea
867 418 995 445 Maguntiam

291 452 437 476 transpassato,
454 449 575 469 orientalem
591 448 699 469 Franciam
716 452 737 468 et
753 448 893 475 Burgnndiam
902 449 995 470 demoliti

292 479 390 500 ecelesias
411 479 473 500 etiam
497 479 567 506 plures
591 479 745 500 destruxerunt.
769 479 794 499 Et
811 486 858 500 cum
875 479 956 500 Renum
974 480 995 500 in

292 510 412 530 Constantia
428 510 448 530 in
464 510 531 530 reditu
548 510 711 537 pertransissent,
729 514 805 530 etcum
815 510 907 531 maximo
917 510 995 531 honore

291 541 398 561 venissent
413 540 434 561 in
451 540 566 566 Bauariam,
590 540 644 561 eirca
661 544 750 561 castrum
768 540 828 561 Abah
845 541 995 562 Alamannicus

291 571 395 592 exercitus
411 571 466 598 ipsos
483 571 562 591 inuadit
578 578 604 591 ex
621 571 715 598 abrupto.
737 570 818 594 Quibus
834 571 918 592 viriliter
934 572 995 592 resis-

291 602 389 627 tentibus,
405 602 469 629 prelio
486 602 580 622 confecto
596 601 704 622 Teutonici
712 601 790 628 sagittis
804 601 948 628 deuineuntur,
957 603 995 623 ubi

291 633 372 659 capitur
387 631 521 659 Hertindus²)
545 632 571 652 de
595 632 763 653 Suarclmmbure
785 632 912 659 imperatoris
932 633 995 653 mari-

291 663 393 688 sehaleus,
417 663 470 684 idest
494 663 565 683 militie
590 669 627 683 sue
651 662 753 689 princeps7
772 663 841 683 etalii
859 663 995 690 quamplures

292 693 372 714 nobiles
389 700 436 714 eum
454 693 533 718 eodem,
550 697 571 713 et
587 693 637 713 lieet
652 693 810 713 inestimabilem
829 694 940 720 pecuniam
956 701 995 721 pro

292 724 433 751 redemptione
450 730 522 744 eomm
539 723 675 749 tradidissent,
699 727 746 744 ante
767 723 899 751 Ratisponam
916 724 936 744 in
953 724 994 751 sig-

291 761 341 775 num
358 754 419 781 positi
436 754 514 780 sagittis
531 754 678 779 crudelissime,
695 754 777 774 ciuibus
793 754 813 774 in
823 761 882 775 muro
890 755 994 775 stantibus

292 789 312 805 et
328 785 484 810 admirantibus,
501 785 636 812 perforantur.
652 784 678 805 Et
693 784 722 805 sic
739 784 822 805 tandem
840 792 887 806 vum
909 785 993 806 victoria

291 820 312 836 et
327 816 392 843 preda
407 815 500 836 maxima
515 816 540 836 ad
557 815 640 842 propria
655 819 793 836 reuertuntur.

370 846 405 867 21.
421 846 537 866 Transactis
553 845 633 874 igitur&
649 846 721 873 paucis
737 845 831 873 diebus&
855 846 891 866 Lel
908 850 929 867 et
943 846 994 867 Bul-

291 877 331 897 clm
348 884 385 904 per
401 877 571 897 communitatem
592 876 736 903 Hungarorum
753 876 774 896 in
790 876 912 897 Teutoniam
930 877 992 897 desti-

290 910 371 934 nantur,
388 911 409 927 et
425 914 472 928 eum
490 908 606 933 Augustam
623 907 767 934 peruenissent
782 907 836 927 ultra
851 907 938 928 fluuium
948 907 991 935 Lyh

290 938 311 958 in
328 942 386 965 prato
402 938 467 958 fixere
483 945 520 958 sua
537 942 609 964 castra,
626 938 731 958 ciuitatem
742 937 844 958 diuturnis
855 941 875 958 et
886 938 993 958 nocturnis

290 969 350 989 bellis
367 968 506 989 molestantes.
524 968 619 995 Cumque
636 968 709 988 subitis
726 968 894 995 saltibusvapere
906 975 947 989 non
957 975 992 989 va-

290 999 361 1024 lerent,
379 999 475 1019 obstinati
500 999 593 1019 nolentes
617 999 713 1019 recedere
738 998 763 1018 (le
784 999 890 1024 suburbio,
907 999 992 1020 Urrieus

291 1030 401 1057 episeopus
417 1037 464 1050 cum
482 1029 563 1050 ciuibus
580 1029 604 1050 ad
615 1029 711 1050 Cesarem
729 1029 796 1050 missis
805 1029 882 1050 nuntiis
898 1030 991 1050 animant

291 1067 339 1081 eum
356 1064 379 1081 ut
394 1063 501 1081 succurrat
517 1060 600 1085 ciuitati,
610 1060 659 1087 quia
675 1059 766 1086 Hungari
784 1060 908 1081 obsidentes
919 1067 954 1081 eos
967 1060 991 1080 li-

290 1094 323 1111 eet
339 1091 380 1111 sint
396 1091 478 1117 plurimi
495 1097 535 1111 non
553 1097 575 1111 se
591 1091 716 1115 custodiunt,
726 1090 880 1117 quiafaeillime
893 1094 992 1118 poterunt

290 1121 395 1142 debellari.
411 1121 511 1147 Egressus
527 1121 597 1148 itaquo
613 1121 724 1148 imperator
739 1121 765 1141 (le
779 1121 872 1142 Vlmensi
888 1121 946 1142 curia
955 1128 991 1142 ve-

289 1152 349 1172 niens
365 1152 464 1177 celeriter,
474 1155 494 1172 et
511 1152 611 1172 absconse
628 1152 735 1179 explorato
747 1158 845 1178 processu
861 1155 882 1172 et
897 1152 991 1172 exercitu

290 1183 434 1209 Hungarorum
452 1183 472 1202 in
490 1182 537 1202 liora
555 1182 613 1202 tertia
630 1189 677 1202 cnm
695 1182 781 1209 plueret,
799 1182 856 1203 irruit
877 1189 940 1209 super
956 1189 990 1202 eos

290 1217 310 1234 et
326 1212 413 1239 unum³')
431 1213 545 1233 exereitum
563 1213 681 1233 viciniorem
699 1212 777 1233 ciuitati
790 1213 912 1234 festinanter
920 1212 990 1233 debel-

291 1244 346 1264 lauit.
364 1243 409 1267 Quo
426 1243 469 1264 viso
486 1243 520 1263 Lel
538 1247 558 1263 et
575 1243 655 1264 Bulelm
672 1244 720 1270 fuge
737 1244 851 1264 remedium
865 1243 990 1270 queritantes

291 1275 310 1295 in
328 1281 403 1295 nauem
420 1281 442 1294 si·
459 1274 564 1301 colligunt,
581 1274 727 1295 submittentes
743 1281 765 1295 se
781 1281 819 1302 per
831 1274 952 1295 Danubium
969 1277 991 1294 nt

344 1338 357 1364 ¹)
372 1339 476 1357 Wrcnllvnv.
492 1337 505 1361 *J
519 1339 620 1357 Hertnidus.
636 1340 650 1362 ³)
664 1345 711 1363 ergo.
723 1338 737 1362 ⁴)
748 1339 859 1362 temporibus.
873 1339 887 1364 ⁵)
897 1340 991 1357 Hunorum.
