4024 5776
223 747 361 831 elatus
394 747 571 849 incessu,
606 759 760 829 statura
793 747 943 851 breuis,
977 749 1148 829 barbam
1183 748 1385 854 prolixam
1417 775 1511 828 eum
1543 742 1634 828 Hu-

222 871 291 953 nis
323 870 548 952 deferebat.
583 869 767 951 Audacie
802 871 969 976 quidem
1004 871 1272 978 temperantis
1305 883 1402 972 erat,
1421 869 1463 950 in
1495 869 1633 977 preliis

222 1005 393 1076 astutus
426 1005 467 1073 et
498 992 709 1092 sollicitus,
758 1019 834 1073 suo
876 1019 1044 1100 corpore
1079 992 1352 1100 rornpetentis
1384 990 1633 1073 fortitudinis

223 1115 470 1198 habebatur.
503 1114 548 1196 ln
583 1115 795 1195 voluntate
829 1114 1032 1222 siquidem
1068 1114 1367 1218 magnanimus,
1402 1112 1537 1220 politis
1571 1139 1634 1198 ar.-

223 1237 318 1340 mis,
354 1237 518 1320 mundis
551 1237 839 1338 tabernaculis,
885 1237 1084 1344 cultuque
1128 1238 1331 1318 utebatur.
1382 1235 1476 1316 llrat
1524 1235 1631 1315 enim

221 1387 429 1442 venereus
461 1359 567 1440 ultra
601 1357 783 1440 modum.
832 1361 878 1439 ln
911 1387 1005 1440 area
1037 1387 1112 1441 sua
1145 1385 1213 1440 aes
1246 1372 1386 1440 tenere
1420 1373 1633 1464 eorrtemp-

222 1484 366 1581 nebat,
401 1495 569 1590 propter
601 1481 710 1588 quod
745 1482 797 1563 ab
832 1496 972 1562 extera
1007 1482 1172 1562 natirme
1202 1483 1419 1562 amabatur
1451 1479 1633 1588 eoquod

223 1606 408 1687 liberalis
441 1617 550 1686 esset
582 1631 630 1685 ao
665 1605 909 1685 eommunis.
942 1604 1002 1684 Ex
1040 1599 1206 1712 nitnia¹)
1240 1630 1337 1686 vero
1371 1596 1633 1708 seueritatel)

225 1723 397 1835 quam³)
430 1726 611 1808 habebat
644 1753 665 1806 a
700 1726 783 1808 suis
817 1726 949 1808 Hunis
984 1726 1222 1807 mirabiliter
1254 1726 1488 1807 timebatur.
1521 1722 1635 1805 Nati·

226 1876 329 1932 ones
361 1849 539 1955 ideoque
588 1873 804 1953 regnorum
856 1849 1111 1931 diuersorum
1146 1849 1196 1929 ad
1231 1849 1365 1956 ipsum
1401 1847 1451 1928 de
1483 1847 1635 1927 linibus

226 1972 338 2054 orbis
371 1986 477 2053 terre
510 1969 785 2073 confluebant,
820 1972 971 2079 quibus
1004 1998 1077 2078 pro
1111 1999 1232 2078 posse
1265 1970 1486 2052 liberaliter
1518 1967 1635 2050 afflu-

228 2093 337 2176 ebat.
370 2091 527 2174 Deeem
563 2092 671 2173 enim
707 2092 818 2174 milia
852 2099 1045 2175 euiruum
1081 2093 1324 2176 falcatorum
1357 2092 1397 2172 in
1422 2118 1635 2174 suoexer·

228 2217 313 2298 citu
346 2214 494 2297 deferri
526 2215 716 2314 faciebat,
751 2242 847 2297 eum
881 2215 1053 2298 diuersis
1086 2215 1308 2320 generibus
1336 2213 1634 2316 maolrinarum,

228 2338 382 2446 quibus
415 2338 540 2420 urbes
574 2350 614 2418 et
648 2350 777 2420 eastra
812 2338 965 2420 destrui
999 2336 1633 2421 faciebat.'labernaeulaetiam

227 2459 350 2542 variis
398 2459 530 2541 modis
579 2486 797 2564 regnorum
855 2461 1111 2543 diuersorum
1161 2460 1313 2542 habere
1363 2471 1637 2542 consueuerat

228 2598 410 2691 operata.
443 2581 581 2663 Unum
616 2582 798 2665 habebat
830 2583 888 2664 sie
916 2582 1078 2665 celebre
1113 2596 1153 2663 et.
1185 2583 1412 2689 solempne,
1440 2594 1556 2664 utex
1578 2581 1635 2662 la·

228 2704 351 2786 minis
400 2704 534 2786 aureis
582 2703 751 2785 mirifico
786 2705 1036 2786 eoniunotim
1071 2705 1303 2806 solidatum,
1355 2704 1476 2786 modo
1518 2701 1635 2802 solui,

230 2841 271 2907 et
302 2853 416 2907 rruno
446 2825 687 2932 reeoniungi
720 2828 768 2908 ad
804 2827 1061 2908 tendentium
1097 2842 1223 2908 staret
1255 2826 1524 2907 voluntatem.
1559 2823 1636 2905 (lo-

229 2949 401 3056 lumpne
436 2943 597 3055 ouius⁴)
631 2977 681 3030 ex
713 2975 812 3030 auro
831 2949 1012 3030 laborate
1033 2949 1231 3030 babentes
1255 2949 1485 3030 iunctiones
1512 2973 1638 3054 opera

229 3070 409 3172 ductilia,
444 3071 483 3152 in
518 3071 654 3152 medio
672 3088 812 3152 tamen
847 3099 988 3174 raone,
1023 3073 1064 3152 in
1098 3071 1298 3153 iuncturis
1331 3072 1416 3152 suis
1449 3069 1637 3177 pretiosis

229 3192 438 3300 lapidibus
470 3193 747 3300 iungebantur
779 3193 1018 3275 mirabiliter
1049 3193 1258 3275 fabrirate.
1292 3192 1371 3274 Sed
1406 3193 1528 3273 etiam
1563 3217 1638 3272 sua

230 3314 452 3397 maristalla
502 3315 601 3397 dum
651 3331 839 3422 pergeret
883 3317 921 3396 iu
966 3317 1195 3397 exereitum
1231 3316 1347 3420 equis
1379 3314 1634 3394 diuersarum

231 3437 454 3545 patriarum
489 3434 779 3546 replebatur,⁵)
814 3465 917 3545 quos
951 3435 1183 3545 quanmisll
1218 3438 1330 3518 visus
1364 3450 1473 3518 esset
1504 3434 1637 3516 babu-

231 3561 323 3660 isse,
358 3559 521 3665 largiter
554 3559 770 3667 egentibus
805 3561 1021 3660 tribuebat,
1055 3561 1110 3641 ita
1145 3561 1312 3666 quidem
1353 3557 1499 3640 utrix
1533 3557 1638 3638 duos

231 3682 404 3764 haberet
435 3681 657 3790 aliquando
690 3709 764 3789 pro
797 3711 876 3764 usu
910 3682 1134 3789 equitandi.
1163 3681 1242 3764 lste
1261 3708 1356 3787 ergo
1373 3674 1635 3784 maristalle⁷)

232 3831 284 3886 ex
318 3831 503 3912 purpura
547 3821 587 3887 et
624 3803 734 3887 bisso
772 3805 982 3886 habebant
1023 3818 1269 3911 paraturam,
1311 3804 1411 3886 selle
1445 3827 1541 3883 vero
1573 3827 1637 3882 re·

231 3927 343 4032 gales
377 3953 429 4006 ex
464 3953 563 4008 auro
597 3941 638 4008 et
670 3926 876 4034 lapidibus
898 3927 1084 4034 pretiosis
1102 3929 1265 4008 fuerant
1282 3928 1477 4008 laborate.
1495 3923 1637 4005 Mensa

232 4061 370 4130 autem
407 4049 495 4130 eius
529 4063 614 4131 erat
647 4062 731 4130 tota
764 4075 900 4148 aurea,
924 4041 1030 4131 'vasa
1066 4049 1187 4132 etiam
1214 4049 1498 4156 coquinarum.
1531 4044 1637 4126 'lba-

231 4170 366 4253 lamus
400 4170 568 4278 quidem
603 4173 690 4254 eius
724 4198 777 4252 ex
798 4191 909 4253 nuro
943 4172 1160 4278 purissimo
1193 4171 1381 4252 laboratu
1409 4167 1636 4250 mirilieoin

234 4292 419 4374 exercitu
452 4319 594 4374 seeum
629 4295 848 4375 ferebatur.
881 4293 1101 4401 Expeditio
1134 4308 1272 4374 autem
1297 4293 1385 4374 eins
1412 4303 1548 4399 preter
1564 4315 1637 4370 ex·

234 4429 339 4498 teras
372 4415 572 4516 nationes,
607 4416 744 4498 decies
776 4415 961 4497 centenis
1009 4428 1258 4497 armatorum
1305 4414 1472 4495 milibus
1504 4411 1638 4518 reple·

236 4537 366 4639 batur,
401 4537 457 4619 ita
490 4538 672 4645 quidem,
704 4554 751 4619 ut
783 4538 816 4620 si
848 4565 978 4620 unum
1030 4537 1223 4619 Seitieum
1275 4536 1475 4618 decedere
1508 4532 1638 4614 conti·

235 4661 368 4764 gisset,
403 4660 506 4740 alter
538 4686 610 4767 pro
643 4661 732 4768 ipso
766 4659 982 4742 confestim
1016 4661 1258 4768 ponebatur.
1277 4657 1355 4740 Sed
1375 4683 1489 4738 anna
1506 4654 1638 4762 gentis

342 4933 368 5034 ¹)
395 4939 530 5008 natura.
570 4937 597 5026 ²)
626 4935 856 5011 serenitatem.
896 4931 923 5035 ³)
951 4935 1133 5012 omittitur.
1168 4933 1196 5034 ⁴)
1225 4936 1310 5011 eius.
1346 4933 1374 5031 ⁵)
1404 4935 1637 5031 replebantur.

240 5033 266 5142 ‘l
294 5041 438 5140 supple:
468 5044 609 5114 caros.
642 5039 669 5138 7)
699 5041 766 5116 ista
794 5063 874 5138 ergo
903 5040 1101 5122 maristallo.
