3900 5762
199 777 343 836 uersos
374 751 519 857 vigiles
550 751 739 831 fecerunt
771 749 979 829 cursitare.
1012 741 1604 854 Sepelicrunt¹)eurni11loco

200 874 392 983 superius
426 885 664 974 memorato,
698 898 794 952 cum
828 869 948 951 Wela
989 863 1231 976 lladucba²)
1265 881 1306 949 et
1346 867 1452 950 alliis
1493 867 1604 974 capi·

199 997 344 1078 taneis.
390 1039 393 1046 ⁴

363 1117 430 1199 15.
464 1115 687 1222 Diuulgnto
722 1141 816 1220 ergo
850 1114 939 1196 eius
971 1113 1086 1195 obitu
1120 1112 1335 1219 obstupuit
1360 1112 1469 1194 orbis
1486 1125 1605 1212 terre,

201 1255 242 1322 et
276 1255 414 1322 utrum
448 1239 692 1347 plangerent
723 1237 876 1317 inimici
895 1236 995 1338 eins,
1013 1235 1079 1316 vel
1097 1235 1326 1340 gauderent
1349 1234 1605 1334 hesitabnnt3

201 1360 512 1446 multitudinem
543 1361 721 1442 filiorum
754 1359 1033 1460 formidantes,
1065 1357 1136 1464 qui
1171 1357 1289 1463 quasi
1322 1357 1502 1464 populus
1535 1356 1604 1437 vix

199 1478 401 1592 poterat³)
434 1482 651 1564 numerari.
690 1481 830 1563 Unum
863 1480 1017 1561 etenim
1050 1506 1103 1558 ex
1136 1479 1230 1561 filiis
1252 1493 1345 1587 post
1361 1480 1498 1586 ipsum
1518 1505 1606 1558 crc-

199 1607 360 1688 debant
390 1619 670 1710 regnaturum.
703 1602 784 1684 Sed
818 1601 960 1682 llitrici
993 1601 1144 1684 astutia
1163 1600 1410 1683 Veronensis
1427 1629 1476 1682 ac
1495 1599 1606 1707 prin·

200 1729 344 1835 cipum
394 1719 712 1834 Allarnarrnie,⁴)
746 1726 898 1832 quibus
930 1752 1003 1804 rex
1035 1723 1183 1805 Ethela
1205 1724 1245 1803 in
1270 1724 1375 1804 collo
1401 1723 1607 1806 residebat

199 1849 459 1956 imperand0,
493 1849 532 1928 in
583 1843 790 1958 partitas⁵)
839 1847 1022 1928 diuersas
1065 1845 1280 1926 Hunorum
1331 1845 1606 1926 communitas

199 1985 266 2054 est
297 1971 442 2072 diuisa,
475 1971 531 2051 ita
573 1971 742 2076 quidem
792 1983 839 2051 ut
886 1967 1054 2075 quidam
1089 1967 1272 2048 Chabam
1322 1967 1428 2072 regis
1460 1966 1606 2048 Ethcle

198 2094 332 2174 filium
367 2120 421 2174 ex
454 2093 679 2174 Grecorum
711 2091 968 2198 imperatoris
999 2089 1083 2170 filia
1114 2116 1189 2171 scu
1215 2087 1384 2172 Honorii
1406 2089 1604 2196 genitum,

199 2215 269 2298 alii
303 2215 546 2297 Aladarium
578 2241 631 2294 ex
667 2213 861 2296 Cremildi
893 2212 1113 2295 Germanic
1147 2212 1390 2319 principissa
1414 2237 1605 2319 procrea·

200 2355 293 2418 tum
325 2337 522 2443 preficere
556 2337 595 2417 in
630 2329 767 2442 regem
801 2347 895 2443 post
910 2334 1100 2416 Ethelam
1118 2335 1367 2416 nitebantur.
1385 2333 1490 2430 Quia
1508 2359 1605 2414 vero

200 2485 298 2567 pars
330 2459 467 2542 sanior
499 2457 639 2540 Chabe
673 2457 909 2560 adherebat,
928 2470 1070 2538 extera
1104 2470 1244 2537 autem
1269 2457 1381 2538 natio
1400 2455 1605 2558 Aladario,

201 2595 424 2689 eapropter
454 2581 619 2688 utrique
651 2581 897 2688 inceperunt
926 2579 1142 2685 imperare.
1175 2579 1292 2661 Tunc
1316 2578 1461 2660 llitrici
1493 2594 1607 2660 astu·

202 2703 273 2804 tia,
307 2703 380 2810 qui
410 2703 580 2785 fauebat
611 2702 816 2804 Aladario,
849 2701 1024 2809 prelium
1059 2702 1165 2782 inter
1196 2702 1341 2783 ambos
1373 2699 1605 2783 suscitatur.

202 2825 252 2906 ln
284 2825 418 2933 primo
436 2850 531 2929 ergo
552 2825 681 2932 prelio
700 2824 917 2906 Aladarius
934 2836 1172 2930 superatur,
1204 2823 1247 2903 in
1264 2823 1448 2905 secundo
1465 2837 1606 2904 antem

204 2948 317 3055 quod
351 2943 576 3028 Sicarnbrie
608 2973 683 3054 per
712 2945 789 3028 XV
822 2946 909 3028 dies
942 2945 1136 3027 continuo
1170 2945 1452 3046 committitur,
1486 2971 1607 3025 excr-

203 3069 310 3152 citus
343 3067 485 3150 Chabe
518 3069 576 3150 sic
609 3066 843 3149 deuincitnr
890 3082 931 3148 et
977 3081 1215 3176 prostratur,
1249 3067 1360 3175 qnod
1410 3067 1610 3175 perpauci

202 3191 274 3272 filii
307 3190 455 3271 Etlrele
487 3186 727 3298 Hunique⁶)
759 3202 1032 3272 remanerent.
1051 3189 1165 3272 lstud
1193 3190 1303 3270 enim
1337 3201 1400 3271 est
1416 3188 1607 3297 prelium,

203 3312 317 3420 quod
349 3311 462 3392 Huni
510 3313 686 3420 prelium
720 3312 934 3394 Crnmhelt
981 3339 1114 3419 usque
1163 3310 1298 3392 adhuc
1346 3311 1609 3392 nominantes

203 3448 473 3517 uocauerunt.
506 3434 554 3516 ln
587 3461 669 3542 quo
703 3435 871 3541 quidem
904 3434 1033 3541 prelio
1065 3446 1205 3515 tantus
1238 3433 1405 3538 sanguis
1437 3433 1609 3513 Germa·

201 3551 363 3662 nicus⁷)
382 3569 443 3638 est
475 3557 642 3661 effusus,
676 3556 788 3664 qnod
820 3557 853 3638 si
884 3555 1099 3638 Teutonici
1132 3557 1184 3637 ob
1218 3554 1399 3638 dedecus
1431 3581 1515 3636 non
1541 3581 1609 3636 ce·

202 3679 347 3781 larent,
382 3691 424 3758 ct
456 3678 610 3760 vellent
643 3706 745 3787 pure
777 3705 972 3781 reserare,
1004 3706 1079 3786 per
1110 3679 1250 3785 plures
1283 3678 1370 3759 dies
1402 3678 1443 3757 in
1465 3675 1610 3758 Danu·

204 3797 314 3906 bio⁸>
348 3825 459 3906 aqua
490 3800 576 3883 bibi
609 3827 690 3882 non
724 3813 896 3908 poterat,
929 3829 1008 3881 nec
1056 3827 1131 3909 per
1177 3800 1378 3901 homines,
1409 3827 1489 3880 nec
1538 3825 1611 3906 per

206 3949 350 4032 pecus,
385 3917 551 4028 quam⁹)
584 3921 636 4003 dc
669 3921 895 4004 Sicambria
926 3949 1060 4029 usque
1101 3924 1248 4004 urbem
1288 3921 1473 4003 Potentie
1515 3947 1610 4003 san·

207 4045 333 4151 guine
367 4043 597 4125 inundauit.
630 4043 765 4150 Fugiit
798 4069 892 4149 ergo
926 4044 1068 4126 (haba
1100 4073 1194 4127 curn
1228 4043 1305 4126 XV
1337 4045 1506 4126 milibus
1521 4042 1611 4124 Hu-

206 4193 353 4248 norum
392 4165 432 4245 in
466 4165 655 4248 Greciam
675 4167 726 4247 ad
743 4166 984 4268 Honorium,
1004 4179 1044 4248 et
1077 4166 1269 4274 quamuis
1301 4166 1476 4248 retinere
1493 4164 1611 4246 rolu-

205 4289 314 4390 isset,
370 4303 411 4367 et
457 4287 603 4370 Grecie
635 4287 813 4369 incolam
847 4288 1022 4391 efficere,
1055 4316 1138 4370 non
1176 4289 1414 4396 permansit,
1447 4287 1610 4370 rediens

206 4411 246 4491 in
280 4408 479 4492 Scithiam
513 4411 562 4491 ad
598 4409 723 4518 patris
756 4405 1006 4519 nationes¹⁰)
1043 4437 1092 4492 ac
1135 4425 1342 4517 cognatos.
1399 4408 1610 4506 Quidum

204 4531 399 4614 Scithiarn
434 4531 651 4638 introisset,
683 4559 783 4618 mox
817 4532 973 4640 incepit
1005 4533 1179 4617 suadere
1205 4534 1316 4642 quod
1349 4533 1515 4641 penitus
1546 4559 1611 4612 re-

204 4739 410 4750 -n——u——n-

313 4821 339 4924 ¹)
368 4825 655 4936 sepelieruntque.
700 4826 728 4922 ¹)
766 4828 862 4901 deest
889 4827 925 4903 in
952 4826 1018 4904 He.
1059 4824 1086 4928 ³)
1124 4831 1295 4923 poterant.
1333 4825 1362 4926 ⁴)
1394 4826 1607 4902 Alemannis.

207 4925 235 5022 ⁵)
262 4935 393 5026 partes.
438 4927 465 5023 ⁶)
504 4935 536 5003 et
570 4929 675 5007 Huni.
717 4935 744 5024 7)
779 4933 876 5006 deest
913 4933 947 5006 in
977 4936 1042 5008 He.
1084 4935 1113 5026 ⁸)
1150 4955 1238 5029 aqua
1274 4932 1346 5010 bibi
1374 4931 1410 5008 in
1439 4932 1608 5010 Danubio.

209 5041 234 5138 ⁰)
262 5034 432 5135 quoniam.
465 5032 507 5131 ¹⁰)
536 5036 678 5134 patrem,
707 5037 891 5118 nationem.
