3896 5758
984 534 1138 652 ng

704 885 848 968 LVIII.
880 883 950 963 De
978 883 1225 964 concordia
1251 908 1422 967 eorum.

512 1133 608 1216 Post
641 1133 780 1241 itaque
813 1133 924 1214 misit
955 1161 1029 1212 rex
1062 1135 1112 1216 ad
1148 1148 1373 1241 utrumque
1391 1135 1554 1237 ducem,
1577 1150 1624 1217 ut
1640 1139 1768 1219 aurbo

355 1257 479 1339 simul
511 1256 561 1335 ad
596 1282 733 1361 regern
767 1255 969 1356 uenirent,
1003 1269 1043 1334 et
1075 1284 1172 1336 cruu
1205 1257 1391 1338 exercitu
1423 1255 1661 1366 supcr('t'9)
1680 1259 1768 1368 Nys

356 1393 535 1461 castrum
569 1404 782 1484 grecorum
817 1376 1185 1483 proficiscerentur.
1219 1378 1307 1458 Rex
1342 1379 1451 1459 enirn
1471 1380 1611 1462 dolose
1630 1381 1767 1462 inten-

356 1501 480 1583 debat
514 1527 583 1582 eos
616 1501 800 1608 perdere,
836 1513 880 1580 ut
912 1499 946 1578 si
978 1500 1123 1581 aurbus
1155 1500 1401 1608 iurprouisos
1430 1527 1577 1608 capere
1609 1519 1764 1610 posset,

355 1623 406 1703 de
440 1635 576 1704 cetero
609 1649 780 1704 securus
811 1621 968 1703 fuisset.
1001 1621 1140 1702 Duces
1175 1638 1314 1703 autern
1347 1622 1515 1704 insidias
1542 1625 1648 1730 regis
1671 1653 1764 1732 per·

345 1745 567 1853 'cipientes
600 1745 678 1827 sibi
712 1755 831 1825 caute
866 1744 1145 1825 consulerunt.
1179 1743 1392 1824 iadizlaus
1426 1774 1521 1825 cunr
1541 1747 1764 1829 medietate

355 1869 561 1950 exercitus
594 1866 634 1946 in
669 1867 854 1975 partibus
887 1866 972 1970 Nyr
1004 1867 1211 1965 remansit,
1245 1866 1382 1974 Geysa
1417 1894 1514 1947 uero
1547 1897 1641 1950 carru
1665 1897 1764 1977 rege

353 1993 562 2098 profectus
596 2002 668 2090 est,
702 2015 779 2068 uec
813 1989 901 2068 ausi
929 2001 1027 2068 suut.
1055 1989 1279 2095 quicquain
1313 1988 1500 2068 inolestie
1530 1990 1566 2069 ei
1601 1991 1762 2091 inferre,

354 2112 451 2220 quia
482 2112 718 2193 Ladizlauur
753 2111 792 2190 iu
828 2137 951 2192 uranu
987 2111 1126 2190 tu‘dida¹
1166 2111 1298 2190 fratris
1341 2111 1515 2191 ultorenr
1560 2114 1645 2194 fore
1677 2140 1762 2195 non

353 2233 610 2316 dubitabant.

507 2357 669 2437 Interea
701 2355 776 2435 uiri
811 2356 861 2434 de
894 2355 979 2462 Nys
1014 2354 1184 2434 inuitaui
1227 2353 1265 2433 in
1313 2381 1412 2435 auro
1445 2370 1486 2435 et
1518 2370 1686 2460 argento
1720 2373 1763 2438 et

351 2479 546 2586 preciosis
577 2477 713 2586 palliis
745 2477 828 2582 regi
848 2489 888 2556 ct
905 2476 1000 2558 duci
1020 2477 1308 2557 habundanter
1325 2476 1578 2558 obtulerunt.
1597 2476 1761 2560 Deinde

350 2613 605 2683 reuertentes
648 2601 700 2681 ab
747 2600 845 2681 urbo
890 2599 1008 2678 liene
1050 2626 1125 2678 rex
1170 2611 1210 2677 et
1242 2598 1327 2678 dux
1362 2599 1414 2678 ab
1450 2599 1628 2680 irurieenr
1662 2617 1763 2683 suut

351 2722 483 2804 diuisi.
516 2722 730 2803 Ladizlaus
763 2736 901 2802 auteur
937 2720 1105 2801 consilio
1139 2721 1271 2801 fratris
1304 2721 1368 2800 sui
1401 2720 1452 2800 du
1486 2721 1652 2802 ciuitate
1679 2723 1762 2831 By·

351 2845 425 2925 hor
458 2845 532 2925 iuit
564 2845 602 2924 in
638 2844 842 2944 Rosciam,
877 2871 1048 2948 querere
1082 2840 1284 2922 auxilium
1319 2842 1544 2922 arnicoruru
1576 2871 1760 2948 suorum,

351 2979 396 3048 ut
429 2981 570 3048 contra
603 2966 937 3047 machinamenta
970 2965 1075 3069 regis
1108 2992 1198 3044 seso
1231 2965 1498 3070 proruuniret.
1537 2963 1618 3045 ianr
1647 2967 1759 3048 cuitu

350 3090 544 3170 omnibus
593 3089 828 3169 innotuerat
868 3087 1016 3167 iniuria
1057 3101 1098 3167 et
1130 3087 1331 3166 discordia
1373 3087 1476 3191 regis
1516 3101 1558 3166 et
1588 3086 1760 3172 ducum.

348 3210 445 3294 Post
486 3211 563 3291 hec
606 3210 787 3290 collectis
831 3209 1094 3308 exercitibus,
1139 3208 1301 3290 rurnciis
1339 3209 1579 3314 frequenter
1610 3210 1760 3314 missis,

349 3333 518 3415 tandem
550 3362 624 3414 rex
659 3344 699 3412 et
732 3333 817 3412 dux
853 3342 1059 3413 uenerunt
1090 3329 1352 3434 Strigouiuur,
1398 3330 1538 3438 ibique
1572 3359 1623 3411 cx
1658 3360 1760 3415 con·

350 3455 515 3562 ducto*)
549 3455 714 3562 utrique
747 3480 887 3534 eoruru
924 3465 1082 3533 tanturn
1118 3481 1211 3533 cunr
1247 3463 1339 3531 orto
1385 3451 1620 3533 horninibus
1654 3456 1762 3536 inter

351 3579 566 3686 episcopos
609 3591 649 3656 et
691 3576 897 3683 principes
945 3576 1248 3679 ruurigauerunt
1293 3575 1329 3652 iu
1376 3574 1550 3656 insuiaur
1602 3576 1760 3659 ciuitati

351 3701 583 3808 proximant
604 3699 653 3780 ad
689 3697 1025 3804 colloquendum.
1063 3696 1140 3775 tui
1174 3696 1243 3776 diu
1278 3696 1537 3804 semetipsos
1566 3697 1760 3782 incusan-

352 3836 413 3903 tes
446 3835 486 3902 et
519 3833 780 3918 excusantes,
823 3819 989 3898 tandem
1032 3819 1222 3898 roborato
1265 3818 1404 3898 federe
1448 3821 1573 3925 pacis,
1623 3822 1760 3929 Geysa

352 3943 470 4026 rediit
503 3943 542 4023 in
576 3943 785 4042 ducaturu,
821 3970 893 4021 rex
927 3954 1065 4022 autern
1100 3941 1216 4020 uenit
1255 3940 1293 4019 iu
1339 3938 1503 4022 Albani.
1552 3943 1648 4024 Post
1679 3943 1759 4024 hec

352 4065 461 4149 urisit
501 4065 551 4145 ad
595 4065 772 4172 Geysaur
818 4064 965 4144 ‹itreern
1010 4091 1083 4142 rex
1125 4060 1215 4167 Vyd
1260 4061 1336 4140 deo
1378 4062 1678 4166 detestabilem,
1717 4079 1761 4147 et

351 4188 474 4270 Eruci
517 4202 794 4287 mansuetum,
841 4213 944 4292 quos
987 4185 1121 4291 Geysa
1165 4184 1259 4262 iecit.
1292 4197 1412 4264 caurte
1446 4187 1652 4287 custodiri,
1685 4215 1761 4294 pre

350 4310 500 4391 timore
532 4309 767 4390 tradicionis
799 4306 903 4415 tyn.
938 4305 1045 4386 Misit
1079 4306 1207 4386 eeiaur
1243 4306 1327 4384 dux
1363 4307 1411 4385 ad
1442 4335 1577 4412 regern
1598 4308 1761 4416 episeo-

350 4461 449 4542 puru
486 4429 799 4511 Waradienseru
836 4443 872 4507 et
907 4455 1087 4534 nequam
1122 4427 1266 4527 Vatba,
1301 4453 1405 4532 quos
1438 4431 1761 4513 rexfeeitsirui·

351 4553 443 4635 liter
491 4553 697 4636 custodiri.
747 4551 833 4630 Rex
879 4563 1016 4631 autera
1059 4549 1109 4628 de
1161 4548 1254 4629 viiia
1306 4547 1446 4656 Mege-
1489 4551 1565 4633 iuit
1611 4579 1763 4636 uersus

351 4675 504 4758 flumen
540 4673 710 4756 Rabclra
742 4674 782 4753 in
818 4699 1034 4753 occursuru
1070 4670 1191 4752 trium
1228 4671 1380 4752 ducum
1409 4671 1762 4780 theutonicorum,

352 4823 456 4906 quos
489 4795 529 4877 in
563 4795 764 4878 auxilium
800 4793 876 4877 sibi
910 4805 1054 4875 contra
1083 4794 1231 4874 duceni
1275 4794 1453 4903 Geysam
1487 4799 1756 4904 expectabat.

352 4985 557 4996 ————

455 5051 488 5149 *)
517 5055 684 5130 condicto.
714 5055 752 5128 Τ.
