<?xml version="1.0" encoding="UTF-8"?>
<!DOCTYPE html PUBLIC "-//W3C//DTD XHTML 1.0 Transitional//EN"
    "http://www.w3.org/TR/xhtml1/DTD/xhtml1-transitional.dtd">
<html xmlns="http://www.w3.org/1999/xhtml" xml:lang="en" lang="en">
 <head>
  <title>
</title>
<meta http-equiv="Content-Type" content="text/html;charset=utf-8" />
  <meta name='ocr-system' content='tesseract 3.04.00' />
  <meta name='ocr-capabilities' content='ocr_page ocr_carea ocr_par ocr_line ocrx_word'/>
</head>
<body>
  <div class='ocr_page' id='page_1' title='image "./chronicahungaro00florgoog_0318.png"; bbox 0 0 3898 5752; ppageno 0'>
   <div class='ocr_carea' id='block_1_1' title="bbox 256 738 1756 2915">
    <p class='ocr_par' dir='ltr' id='par_1_1' title="bbox 256 738 1661 2422">
     <span class='ocr_line' id='line_1_1' title="bbox 414 738 1659 838; baseline 0.002 -23"><span class='ocrx_word' id='word_1_1' title='bbox 414 738 654 828; x_wconf 80' lang='lat' dir='ltr'>colomannus,</span> <span class='ocrx_word' id='word_1_2' title='bbox 684 741 879 834; x_wconf 77' lang='lat' dir='ltr'>Stephanus</span> <span class='ocrx_word' id='word_1_3' title='bbox 908 743 956 838; x_wconf 88' lang='lat'>11,</span> <span class='ocrx_word' id='word_1_4' title='bbox 986 743 1071 816; x_wconf 90' lang='lat' dir='ltr'>Bela</span> <span class='ocrx_word' id='word_1_5' title='bbox 1098 747 1131 814; x_wconf 89' lang='lat' dir='ltr'>ot</span> <span class='ocrx_word' id='word_1_6' title='bbox 1157 741 1261 818; x_wconf 86' lang='lat' dir='ltr'>Geiua</span> <span class='ocrx_word' id='word_1_7' title='bbox 1292 741 1329 816; x_wconf 92' lang='lat' dir='ltr'>Il</span> <span class='ocrx_word' id='word_1_8' title='bbox 1365 764 1464 838; x_wconf 85' lang='lat' dir='ltr'>reges</span> <span class='ocrx_word' id='word_1_9' title='bbox 1502 740 1659 818; x_wconf 87' lang='lat' dir='ltr'>iurarunt</span> 
     </span>
     <span class='ocr_line' id='line_1_2' title="bbox 259 861 1658 960; baseline 0.004 -26"><span class='ocrx_word' id='word_1_10' title='bbox 259 861 394 956; x_wconf 90' lang='lat' dir='ltr'>quidem</span> <span class='ocrx_word' id='word_1_11' title='bbox 421 861 557 936; x_wconf 89' lang='lat' dir='ltr'>civibus</span> <span class='ocrx_word' id='word_1_12' title='bbox 600 861 791 936; x_wconf 89' lang='lat' dir='ltr'>dalmaticis</span> <span class='ocrx_word' id='word_1_13' title='bbox 832 865 873 936; x_wconf 90' lang='lat' dir='ltr'>de</span> <span class='ocrx_word' id='word_1_14' title='bbox 916 888 981 938; x_wconf 89' lang='lat' dir='ltr'>non</span> <span class='ocrx_word' id='word_1_15' title='bbox 1024 863 1200 938; x_wconf 80' lang='lat' dir='ltr'>laedendis</span> <span class='ocrx_word' id='word_1_16' title='bbox 1241 863 1374 938; x_wconf 91' lang='lat' dir='ltr'>iuribus</span> <span class='ocrx_word' id='word_1_17' title='bbox 1402 867 1437 938; x_wconf 91' lang='lat' dir='ltr'>et</span> <span class='ocrx_word' id='word_1_18' title='bbox 1464 863 1658 960; x_wconf 85' lang='lat' dir='ltr'>privilegiis</span> 
     </span>
     <span class='ocr_line' id='line_1_3' title="bbox 260 983 1657 1082; baseline 0.004 -26"><span class='ocrx_word' id='word_1_19' title='bbox 260 1005 396 1072; x_wconf 91' lang='lat' dir='ltr'>eorum;</span> <span class='ocrx_word' id='word_1_20' title='bbox 426 983 459 1058; x_wconf 95' lang='lat' dir='ltr'>in</span> <span class='ocrx_word' id='word_1_21' title='bbox 490 985 674 1078; x_wconf 84' lang='lat' dir='ltr'>Huugaros</span> <span class='ocrx_word' id='word_1_22' title='bbox 703 990 907 1080; x_wconf 90' lang='lat' dir='ltr'>potestatem</span> <span class='ocrx_word' id='word_1_23' title='bbox 928 989 1132 1061; x_wconf 79' lang='lat' dir='ltr'>exercebant</span> <span class='ocrx_word' id='word_1_24' title='bbox 1163 987 1232 1059; x_wconf 87' lang='lat' dir='ltr'>lero</span> <span class='ocrx_word' id='word_1_25' title='bbox 1261 985 1485 1082; x_wconf 85' lang='lat' dir='ltr'>tyrannicam.</span> <span class='ocrx_word' id='word_1_26' title='bbox 1515 988 1657 1082; x_wconf 88' lang='lat' dir='ltr'>Imperii</span> 
     </span>
     <span class='ocr_line' id='line_1_4' title="bbox 260 1105 1658 1204; baseline 0.004 -26"><span class='ocrx_word' id='word_1_27' title='bbox 260 1105 345 1200; x_wconf 81' lang='lat' dir='ltr'>regii</span> <span class='ocrx_word' id='word_1_28' title='bbox 373 1107 415 1180; x_wconf 90' lang='lat' dir='ltr'>ad</span> <span class='ocrx_word' id='word_1_29' title='bbox 443 1109 561 1179; x_wconf 92' lang='lat' dir='ltr'>nutum</span> <span class='ocrx_word' id='word_1_30' title='bbox 590 1111 624 1180; x_wconf 91' lang='lat' dir='ltr'>et</span> <span class='ocrx_word' id='word_1_31' title='bbox 651 1108 832 1183; x_wconf 70' lang='lat' dir='ltr'>arbitrium</span> <span class='ocrx_word' id='word_1_32' title='bbox 859 1110 950 1203; x_wconf 81' lang='lat' dir='ltr'>gesti</span> <span class='ocrx_word' id='word_1_33' title='bbox 980 1109 1081 1185; x_wconf 88' lang='lat' dir='ltr'>testis</span> <span class='ocrx_word' id='word_1_34' title='bbox 1105 1111 1260 1185; x_wconf 89' lang='lat' dir='ltr'>oculatus</span> <span class='ocrx_word' id='word_1_35' title='bbox 1280 1111 1360 1184; x_wconf 89' lang='lat' dir='ltr'>Otto</span> <span class='ocrx_word' id='word_1_36' title='bbox 1381 1110 1562 1204; x_wconf 86' lang='lat' dir='ltr'>episcopus</span> <span class='ocrx_word' id='word_1_37' title='bbox 1582 1110 1658 1184; x_wconf 83' lang='lat' dir='ltr'>rri-</span> 
     </span>
     <span class='ocr_line' id='line_1_5' title="bbox 259 1226 1657 1330; baseline 0.004 -29"><span class='ocrx_word' id='word_1_38' title='bbox 259 1226 443 1322; x_wconf 85' lang='lat' dir='ltr'>singensis.</span> <span class='ocrx_word' id='word_1_39' title='bbox 476 1229 622 1322; x_wconf 83' lang='lat' dir='ltr'>,Omnes</span> <span class='ocrx_word' id='word_1_40' title='bbox 651 1229 700 1304; x_wconf 91' lang='lat' dir='ltr'>sio</span> <span class='ocrx_word' id='word_1_41' title='bbox 728 1231 875 1324; x_wconf 78' lang='lat' dir='ltr'>principi</span> <span class='ocrx_word' id='word_1_42' title='bbox 906 1255 966 1306; x_wconf 90' lang='lat' dir='ltr'>suo</span> <span class='ocrx_word' id='word_1_43' title='bbox 996 1231 1134 1330; x_wconf 74' lang='lat' dir='ltr'>(licitae</span> <span class='ocrx_word' id='word_1_44' title='bbox 1154 1234 1207 1324; x_wconf 90' lang='grc' dir='ltr'>ΙΙ)</span> <span class='ocrx_word' id='word_1_45' title='bbox 1228 1233 1475 1326; x_wconf 86' lang='lat' dir='ltr'>obsequuntur,</span> <span class='ocrx_word' id='word_1_46' title='bbox 1496 1236 1533 1305; x_wconf 93' lang='lat' dir='ltr'>nt</span> <span class='ocrx_word' id='word_1_47' title='bbox 1553 1255 1657 1306; x_wconf 89' lang='lat' dir='ltr'>unus-</span> 
     </span>
     <span class='ocr_line' id='line_1_6' title="bbox 259 1349 1658 1447; baseline 0.004 -25"><span class='ocrx_word' id='word_1_48' title='bbox 259 1349 402 1442; x_wconf 84' lang='lat' dir='ltr'>quisque</span> <span class='ocrx_word' id='word_1_49' title='bbox 431 1373 473 1424; x_wconf 88' lang='lat' dir='ltr'>nc</span> <span class='ocrx_word' id='word_1_50' title='bbox 502 1349 610 1424; x_wconf 91' lang='lat' dir='ltr'>dicam</span> <span class='ocrx_word' id='word_1_51' title='bbox 640 1352 835 1427; x_wconf 79' lang='lat' dir='ltr'>manifestis</span> <span class='ocrx_word' id='word_1_52' title='bbox 863 1353 959 1427; x_wconf 93' lang='lat' dir='ltr'>illum</span> <span class='ocrx_word' id='word_1_53' title='bbox 989 1353 1317 1429; x_wconf 79' lang='lat' dir='ltr'>contradictionibus</span> <span class='ocrx_word' id='word_1_54' title='bbox 1346 1375 1560 1447; x_wconf 82' lang='lat' dir='ltr'>exasperare,</span> <span class='ocrx_word' id='word_1_55' title='bbox 1598 1356 1658 1428; x_wconf 88' lang='lat' dir='ltr'>sed</span> 
     </span>
     <span class='ocr_line' id='line_1_7' title="bbox 259 1470 1658 1570; baseline 0.004 -26"><span class='ocrx_word' id='word_1_56' title='bbox 259 1474 293 1544; x_wconf 86' lang='lat' dir='ltr'>et</span> <span class='ocrx_word' id='word_1_57' title='bbox 320 1470 464 1544; x_wconf 89' lang='lat' dir='ltr'>occultis</span> <span class='ocrx_word' id='word_1_58' title='bbox 494 1471 646 1547; x_wconf 88' lang='lat' dir='ltr'>susurris</span> <span class='ocrx_word' id='word_1_59' title='bbox 674 1476 823 1550; x_wconf 87' lang='lat' dir='ltr'>lacerare</span> <span class='ocrx_word' id='word_1_60' title='bbox 853 1477 948 1550; x_wconf 83' lang='lat' dir='ltr'>ructas</span> <span class='ocrx_word' id='word_1_61' title='bbox 977 1477 1176 1550; x_wconf 89' lang='lat' dir='ltr'>arbitretur.</span> <span class='ocrx_word' id='word_1_62' title='bbox 1205 1477 1299 1570; x_wconf 75' lang='lat' dir='ltr'>Quod</span> <span class='ocrx_word' id='word_1_63' title='bbox 1329 1476 1357 1550; x_wconf 87' lang='lat' dir='ltr'>si</span> <span class='ocrx_word' id='word_1_64' title='bbox 1387 1475 1512 1569; x_wconf 88' lang='lat' dir='ltr'>aliquis</span> <span class='ocrx_word' id='word_1_65' title='bbox 1541 1498 1582 1548; x_wconf 89' lang='lat' dir='ltr'>ox</span> <span class='ocrx_word' id='word_1_66' title='bbox 1603 1499 1658 1550; x_wconf 93' lang='lat' dir='ltr'>co·</span> 
     </span>
     <span class='ocr_line' id='line_1_8' title="bbox 257 1591 1659 1691; baseline 0.004 -25"><span class='ocrx_word' id='word_1_67' title='bbox 257 1591 377 1666; x_wconf 91' lang='lat' dir='ltr'>mitum</span> <span class='ocrx_word' id='word_1_68' title='bbox 405 1593 524 1668; x_wconf 89' lang='lat' dir='ltr'>ordino</span> <span class='ocrx_word' id='word_1_69' title='bbox 552 1619 666 1691; x_wconf 80' lang='lat' dir='ltr'>regem</span> <span class='ocrx_word' id='word_1_70' title='bbox 694 1599 747 1670; x_wconf 91' lang='lat' dir='ltr'>vel</span> <span class='ocrx_word' id='word_1_71' title='bbox 776 1597 809 1671; x_wconf 91' lang='lat' dir='ltr'>in</span> <span class='ocrx_word' id='word_1_72' title='bbox 839 1599 970 1674; x_wconf 90' lang='lat' dir='ltr'>modico</span> <span class='ocrx_word' id='word_1_73' title='bbox 999 1597 1190 1684; x_wconf 82' lang='lat' dir='ltr'>offenderit,</span> <span class='ocrx_word' id='word_1_74' title='bbox 1212 1598 1387 1672; x_wconf 82' lang='lat' dir='ltr'>ueletiam</span> <span class='ocrx_word' id='word_1_75' title='bbox 1411 1598 1659 1690; x_wconf 85' lang='lat' dir='ltr'>dehocquan·</span> 
     </span>
     <span class='ocr_line' id='line_1_9' title="bbox 258 1715 1661 1814; baseline 0.003 -26"><span class='ocrx_word' id='word_1_76' title='bbox 258 1715 367 1808; x_wconf 90' lang='lat' dir='ltr'>doque</span> <span class='ocrx_word' id='word_1_77' title='bbox 396 1738 464 1789; x_wconf 92' lang='lat' dir='ltr'>uon</span> <span class='ocrx_word' id='word_1_78' title='bbox 492 1715 582 1792; x_wconf 88' lang='lat' dir='ltr'>iuste</span> <span class='ocrx_word' id='word_1_79' title='bbox 610 1719 796 1794; x_wconf 77' lang='lat' dir='ltr'>infamatus</span> <span class='ocrx_word' id='word_1_80' title='bbox 825 1722 940 1812; x_wconf 86' lang='lat' dir='ltr'>tuerit,</span> <span class='ocrx_word' id='word_1_81' title='bbox 971 1721 1115 1814; x_wconf 87' lang='lat' dir='ltr'>quilibet</span> <span class='ocrx_word' id='word_1_82' title='bbox 1144 1721 1279 1794; x_wconf 86' lang='lat' dir='ltr'>intimae</span> <span class='ocrx_word' id='word_1_83' title='bbox 1308 1718 1515 1794; x_wconf 90' lang='lat' dir='ltr'>conditionis</span> <span class='ocrx_word' id='word_1_84' title='bbox 1543 1719 1661 1793; x_wconf 84' lang='lat' dir='ltr'>lixae</span> 
     </span>
     <span class='ocr_line' id='line_1_10' title="bbox 258 1837 1657 1935; baseline 0.003 -25"><span class='ocrx_word' id='word_1_85' title='bbox 258 1837 352 1912; x_wconf 89' lang='lat' dir='ltr'>curia</span> <span class='ocrx_word' id='word_1_86' title='bbox 379 1837 505 1912; x_wconf 91' lang='lat' dir='ltr'>missus</span> <span class='ocrx_word' id='word_1_87' title='bbox 534 1862 620 1928; x_wconf 90' lang='lat' dir='ltr'>eum,</span> <span class='ocrx_word' id='word_1_88' title='bbox 652 1841 733 1915; x_wconf 91' lang='lat' dir='ltr'>licet</span> <span class='ocrx_word' id='word_1_89' title='bbox 761 1842 972 1916; x_wconf 88' lang='lat' dir='ltr'>satellitibus</span> <span class='ocrx_word' id='word_1_90' title='bbox 1001 1842 1073 1916; x_wconf 88' lang='lat' dir='ltr'>suis</span> <span class='ocrx_word' id='word_1_91' title='bbox 1093 1843 1257 1935; x_wconf 85' lang='lat' dir='ltr'>stipatum</span> <span class='ocrx_word' id='word_1_92' title='bbox 1277 1842 1370 1916; x_wconf 85' lang='lat' dir='ltr'>solus</span> <span class='ocrx_word' id='word_1_93' title='bbox 1390 1840 1657 1934; x_wconf 88' lang='lat' dir='ltr'>comprehendit,</span> 
     </span>
     <span class='ocr_line' id='line_1_11' title="bbox 258 1958 1658 2059; baseline 0.004 -27"><span class='ocrx_word' id='word_1_94' title='bbox 258 1959 294 2032; x_wconf 93' lang='lat' dir='ltr'>iu</span> <span class='ocrx_word' id='word_1_95' title='bbox 321 1958 467 2033; x_wconf 88' lang='lat' dir='ltr'>vinculis</span> <span class='ocrx_word' id='word_1_96' title='bbox 495 1961 603 2054; x_wconf 91' lang='lat' dir='ltr'>pouit,</span> <span class='ocrx_word' id='word_1_97' title='bbox 634 1964 675 2036; x_wconf 89' lang='lat' dir='ltr'>ad</span> <span class='ocrx_word' id='word_1_98' title='bbox 705 1963 839 2037; x_wconf 87' lang='lat' dir='ltr'>diversa</span> <span class='ocrx_word' id='word_1_99' title='bbox 868 1967 1115 2038; x_wconf 89' lang='lat' dir='ltr'>tormentorum</span> <span class='ocrx_word' id='word_1_100' title='bbox 1142 1985 1269 2059; x_wconf 81' lang='lat' dir='ltr'>genera</span> <span class='ocrx_word' id='word_1_101' title='bbox 1297 1961 1412 2038; x_wconf 86' lang='lat' dir='ltr'>trahit¹</span> <span class='ocrx_word' id='word_1_102' title='bbox 1449 1963 1553 2037; x_wconf 87' lang='lat' dir='ltr'>Nulla</span> <span class='ocrx_word' id='word_1_103' title='bbox 1580 1985 1658 2037; x_wconf 89' lang='lat' dir='ltr'>sen·</span> 
     </span>
     <span class='ocr_line' id='line_1_12' title="bbox 258 2080 1658 2180; baseline 0.004 -27"><span class='ocrx_word' id='word_1_104' title='bbox 258 2080 366 2156; x_wconf 90' lang='lat' dir='ltr'>tentia</span> <span class='ocrx_word' id='word_1_105' title='bbox 392 2103 412 2154; x_wconf 89' lang='lat' dir='ltr'>a</span> <span class='ocrx_word' id='word_1_106' title='bbox 440 2081 605 2176; x_wconf 78' lang='lat' dir='ltr'>principe,</span> <span class='ocrx_word' id='word_1_107' title='bbox 636 2083 725 2158; x_wconf 86' lang='lat' dir='ltr'>sicut</span> <span class='ocrx_word' id='word_1_108' title='bbox 752 2087 842 2180; x_wconf 87' lang='lat' dir='ltr'>apud</span> <span class='ocrx_word' id='word_1_109' title='bbox 874 2110 936 2161; x_wconf 91' lang='lat' dir='ltr'>nos</span> <span class='ocrx_word' id='word_1_110' title='bbox 965 2087 1070 2161; x_wconf 93' lang='lat' dir='ltr'>moris</span> <span class='ocrx_word' id='word_1_111' title='bbox 1099 2091 1162 2173; x_wconf 90' lang='lat' dir='ltr'>est,</span> <span class='ocrx_word' id='word_1_112' title='bbox 1184 2109 1245 2179; x_wconf 92' lang='lat' dir='ltr'>per</span> <span class='ocrx_word' id='word_1_113' title='bbox 1264 2108 1364 2178; x_wconf 86' lang='lat' dir='ltr'>pares</span> <span class='ocrx_word' id='word_1_114' title='bbox 1394 2108 1473 2159; x_wconf 89' lang='lat' dir='ltr'>suos</span> <span class='ocrx_word' id='word_1_115' title='bbox 1502 2085 1658 2179; x_wconf 86' lang='lat' dir='ltr'>exposci·</span> 
     </span>
     <span class='ocr_line' id='line_1_13' title="bbox 258 2203 1658 2302; baseline 0.004 -28"><span class='ocrx_word' id='word_1_116' title='bbox 258 2205 325 2292; x_wconf 92' lang='lat' dir='ltr'>tur,</span> <span class='ocrx_word' id='word_1_117' title='bbox 357 2203 451 2276; x_wconf 90' lang='lat' dir='ltr'>nulla</span> <span class='ocrx_word' id='word_1_118' title='bbox 478 2209 636 2280; x_wconf 85' lang='lat' dir='ltr'>accusato</span> <span class='ocrx_word' id='word_1_119' title='bbox 666 2209 850 2282; x_wconf 86' lang='lat' dir='ltr'>excusandi</span> <span class='ocrx_word' id='word_1_120' title='bbox 878 2209 1018 2284; x_wconf 89' lang='lat' dir='ltr'>licentia</span> <span class='ocrx_word' id='word_1_121' title='bbox 1046 2210 1159 2294; x_wconf 88' lang='lat' dir='ltr'>datur,</span> <span class='ocrx_word' id='word_1_122' title='bbox 1189 2209 1247 2282; x_wconf 88' lang='lat' dir='ltr'>scd</span> <span class='ocrx_word' id='word_1_123' title='bbox 1287 2209 1361 2281; x_wconf 87' lang='lat' dir='ltr'>sola</span> <span class='ocrx_word' id='word_1_124' title='bbox 1396 2205 1562 2302; x_wconf 89' lang='lat' dir='ltr'>principis</span> <span class='ocrx_word' id='word_1_125' title='bbox 1600 2230 1658 2280; x_wconf 93' lang='lat' dir='ltr'>vo·</span> 
     </span>
     <span class='ocr_line' id='line_1_14' title="bbox 256 2325 1552 2422; baseline 0.004 -25"><span class='ocrx_word' id='word_1_126' title='bbox 256 2325 372 2400; x_wconf 90' lang='lat' dir='ltr'>luntas</span> <span class='ocrx_word' id='word_1_127' title='bbox 401 2327 489 2420; x_wconf 90' lang='lat' dir='ltr'>apud</span> <span class='ocrx_word' id='word_1_128' title='bbox 518 2349 635 2402; x_wconf 89' lang='lat' dir='ltr'>ornnes</span> <span class='ocrx_word' id='word_1_129' title='bbox 664 2351 725 2422; x_wconf 89' lang='lat' dir='ltr'>pro</span> <span class='ocrx_word' id='word_1_130' title='bbox 754 2329 885 2404; x_wconf 90' lang='lat' dir='ltr'>ratione</span> <span class='ocrx_word' id='word_1_131' title='bbox 913 2332 1092 2405; x_wconf 79' lang='lat' dir='ltr'>habetur.“</span> <span class='ocrx_word' id='word_1_132' title='bbox 1126 2332 1238 2404; x_wconf 83' lang='lat' dir='ltr'>Perta.</span> <span class='ocrx_word' id='word_1_133' title='bbox 1262 2331 1326 2404; x_wconf 89' lang='lat' dir='ltr'>SS.</span> <span class='ocrx_word' id='word_1_134' title='bbox 1356 2330 1437 2402; x_wconf 89' lang='lat' dir='ltr'>XX.</span> <span class='ocrx_word' id='word_1_135' title='bbox 1465 2331 1552 2403; x_wconf 84' lang='grc'><strong>369.</strong></span> 
     </span>
    </p>

    <p class='ocr_par' dir='ltr' id='par_1_2' title="bbox 258 2449 1756 2915">
     <span class='ocr_line' id='line_1_15' title="bbox 413 2449 1656 2546; baseline 0.002 -25"><span class='ocrx_word' id='word_1_136' title='bbox 413 2449 577 2523; x_wconf 89' lang='lat' dir='ltr'>Notarius</span> <span class='ocrx_word' id='word_1_137' title='bbox 606 2449 713 2544; x_wconf 80' lang='lat' dir='ltr'>igitur</span> <span class='ocrx_word' id='word_1_138' title='bbox 742 2455 868 2542; x_wconf 81' lang='lat' dir='ltr'>noster,</span> <span class='ocrx_word' id='word_1_139' title='bbox 899 2453 958 2546; x_wconf 92' lang='lat' dir='ltr'>qui</span> <span class='ocrx_word' id='word_1_140' title='bbox 986 2457 1114 2527; x_wconf 90' lang='lat' dir='ltr'>statum</span> <span class='ocrx_word' id='word_1_141' title='bbox 1141 2475 1253 2526; x_wconf 91' lang='lat' dir='ltr'>rerum</span> <span class='ocrx_word' id='word_1_142' title='bbox 1282 2473 1363 2525; x_wconf 87' lang='lat' dir='ltr'>suae</span> <span class='ocrx_word' id='word_1_143' title='bbox 1400 2450 1534 2540; x_wconf 88' lang='lat' dir='ltr'>aetatis,</span> <span class='ocrx_word' id='word_1_144' title='bbox 1564 2449 1656 2545; x_wconf 90' lang='lat' dir='ltr'>prio·</span> 
     </span>
     <span class='ocr_line' id='line_1_16' title="bbox 258 2569 1756 2669; baseline 0.004 -27"><span class='ocrx_word' id='word_1_145' title='bbox 258 2591 332 2643; x_wconf 90' lang='lat' dir='ltr'>rum</span> <span class='ocrx_word' id='word_1_146' title='bbox 360 2569 482 2645; x_wconf 92' lang='lat' dir='ltr'>ducum</span> <span class='ocrx_word' id='word_1_147' title='bbox 510 2571 721 2665; x_wconf 88' lang='lat' dir='ltr'>temporibus</span> <span class='ocrx_word' id='word_1_148' title='bbox 750 2574 838 2648; x_wconf 91' lang='lat' dir='ltr'>solet</span> <span class='ocrx_word' id='word_1_149' title='bbox 858 2574 1018 2665; x_wconf 90' lang='lat' dir='ltr'>tribuere,</span> <span class='ocrx_word' id='word_1_150' title='bbox 1040 2598 1144 2669; x_wconf 90' lang='lat' dir='ltr'>supra</span> <span class='ocrx_word' id='word_1_151' title='bbox 1167 2575 1314 2650; x_wconf 86' lang='lat' dir='ltr'>laudata.</span> <span class='ocrx_word' id='word_1_152' title='bbox 1337 2577 1371 2648; x_wconf 89' lang='lat' dir='ltr'>et</span> <span class='ocrx_word' id='word_1_153' title='bbox 1391 2577 1460 2646; x_wconf 88' lang='lat' dir='ltr'>tam</span> <span class='ocrx_word' id='word_1_154' title='bbox 1487 2571 1656 2666; x_wconf 86' lang='lat' dir='ltr'>principis</span> <span class='ocrx_word' id='word_1_155' title='bbox 1754 2611 1756 2616; x_wconf 95' lang='lat'>·</span> 
     </span>
     <span class='ocr_line' id='line_1_17' title="bbox 259 2693 1657 2792; baseline 0.004 -28"><span class='ocrx_word' id='word_1_156' title='bbox 259 2713 358 2785; x_wconf 91' lang='lat' dir='ltr'>quam</span> <span class='ocrx_word' id='word_1_157' title='bbox 386 2693 602 2767; x_wconf 91' lang='lat' dir='ltr'>subditorum</span> <span class='ocrx_word' id='word_1_158' title='bbox 630 2693 846 2770; x_wconf 89' lang='lat' dir='ltr'>iureiurando</span> <span class='ocrx_word' id='word_1_159' title='bbox 876 2697 1011 2770; x_wconf 87' lang='lat' dir='ltr'>firmata</span> <span class='ocrx_word' id='word_1_160' title='bbox 1039 2701 1165 2791; x_wconf 89' lang='lat' dir='ltr'>puncta</span> <span class='ocrx_word' id='word_1_161' title='bbox 1193 2700 1359 2792; x_wconf 80' lang='lat' dir='ltr'>regnante</span> <span class='ocrx_word' id='word_1_162' title='bbox 1376 2693 1481 2772; x_wconf 78' lang='lat' dir='ltr'>[leina</span> <span class='ocrx_word' id='word_1_163' title='bbox 1508 2695 1657 2770; x_wconf 87' lang='lat' dir='ltr'>secundo</span> 
     </span>
     <span class='ocr_line' id='line_1_18' title="bbox 259 2815 1658 2915; baseline 0.004 -28"><span class='ocrx_word' id='word_1_164' title='bbox 259 2818 349 2887; x_wconf 85' lang='lat' dir='ltr'>certe</span> <span class='ocrx_word' id='word_1_165' title='bbox 378 2837 444 2888; x_wconf 91' lang='lat' dir='ltr'>non</span> <span class='ocrx_word' id='word_1_166' title='bbox 461 2815 633 2904; x_wconf 91' lang='lat' dir='ltr'>condidit;</span> <span class='ocrx_word' id='word_1_167' title='bbox 663 2817 819 2892; x_wconf 91' lang='lat' dir='ltr'>redolent</span> <span class='ocrx_word' id='word_1_168' title='bbox 839 2841 878 2892; x_wconf 89' lang='lat' dir='ltr'>ea</span> <span class='ocrx_word' id='word_1_169' title='bbox 891 2821 995 2893; x_wconf 88' lang='lat' dir='ltr'>Belae</span> <span class='ocrx_word' id='word_1_170' title='bbox 1010 2821 1066 2893; x_wconf 90' lang='grc' dir='ltr'>ΠΙ</span> <span class='ocrx_word' id='word_1_171' title='bbox 1083 2819 1175 2915; x_wconf 84' lang='lat' dir='ltr'>regis</span> <span class='ocrx_word' id='word_1_172' title='bbox 1191 2825 1225 2894; x_wconf 89' lang='lat' dir='ltr'>et</span> <span class='ocrx_word' id='word_1_173' title='bbox 1241 2819 1390 2893; x_wconf 86' lang='lat' dir='ltr'>filiorum</span> <span class='ocrx_word' id='word_1_174' title='bbox 1405 2817 1478 2892; x_wconf 89' lang='lat' dir='ltr'>eins</span> <span class='ocrx_word' id='word_1_175' title='bbox 1498 2819 1658 2892; x_wconf 86' lang='lat' dir='ltr'>aetatem.</span> 
     </span>
    </p>
   </div>
   <div class='ocr_carea' id='block_1_2' title="bbox 253 2953 1658 5126">
    <p class='ocr_par' dir='ltr' id='par_1_3' title="bbox 256 2953 1658 4128">
     <span class='ocr_line' id='line_1_19' title="bbox 413 2953 1658 3052; baseline 0.002 -24"><span class='ocrx_word' id='word_1_176' title='bbox 413 2953 578 3029; x_wconf 83' lang='lat' dir='ltr'>Eruditus</span> <span class='ocrx_word' id='word_1_177' title='bbox 607 2959 798 3052; x_wconf 90' lang='lat' dir='ltr'>temporum</span> <span class='ocrx_word' id='word_1_178' title='bbox 825 2960 928 3034; x_wconf 90' lang='lat' dir='ltr'>Belae</span> <span class='ocrx_word' id='word_1_179' title='bbox 961 2959 1039 3034; x_wconf 90' lang='lat' dir='ltr'>IV·i</span> <span class='ocrx_word' id='word_1_180' title='bbox 1068 2963 1245 3052; x_wconf 77' lang='lat' dir='ltr'>patronae,</span> <span class='ocrx_word' id='word_1_181' title='bbox 1274 2961 1425 3033; x_wconf 90' lang='lat' dir='ltr'>mutuam</span> <span class='ocrx_word' id='word_1_182' title='bbox 1453 2957 1539 3030; x_wconf 90' lang='lat' dir='ltr'>hanc</span> <span class='ocrx_word' id='word_1_183' title='bbox 1567 2954 1658 3030; x_wconf 90' lang='lat' dir='ltr'>inter</span> 
     </span>
     <span class='ocr_line' id='line_1_20' title="bbox 257 3073 1657 3176; baseline 0.003 -30"><span class='ocrx_word' id='word_1_184' title='bbox 257 3073 447 3169; x_wconf 90' lang='lat' dir='ltr'>principem</span> <span class='ocrx_word' id='word_1_185' title='bbox 475 3076 624 3170; x_wconf 84' lang='lat' dir='ltr'>Almum,</span> <span class='ocrx_word' id='word_1_186' title='bbox 654 3081 688 3152; x_wconf 89' lang='lat' dir='ltr'>et</span> <span class='ocrx_word' id='word_1_187' title='bbox 716 3084 848 3154; x_wconf 88' lang='lat' dir='ltr'>ceteras</span> <span class='ocrx_word' id='word_1_188' title='bbox 880 3081 1110 3176; x_wconf 81' lang='lat' dir='ltr'>„principales</span> <span class='ocrx_word' id='word_1_189' title='bbox 1148 3087 1334 3175; x_wconf 84' lang='lat' dir='ltr'>personas“</span> <span class='ocrx_word' id='word_1_190' title='bbox 1376 3080 1416 3152; x_wconf 91' lang='lat' dir='ltr'>de</span> <span class='ocrx_word' id='word_1_191' title='bbox 1455 3077 1587 3152; x_wconf 92' lang='lat' dir='ltr'>iuribus</span> <span class='ocrx_word' id='word_1_192' title='bbox 1623 3081 1657 3151; x_wconf 91' lang='lat' dir='ltr'>et</span> 
     </span>
     <span class='ocr_line' id='line_1_21' title="bbox 257 3195 1658 3296; baseline 0.001 -26"><span class='ocrx_word' id='word_1_193' title='bbox 257 3195 380 3270; x_wconf 82' lang='lat' dir='ltr'>officiis</span> <span class='ocrx_word' id='word_1_194' title='bbox 408 3197 599 3291; x_wconf 87' lang='lat' dir='ltr'>pactionem</span> <span class='ocrx_word' id='word_1_195' title='bbox 629 3207 771 3295; x_wconf 88' lang='lat' dir='ltr'>propter</span> <span class='ocrx_word' id='word_1_196' title='bbox 799 3201 945 3296; x_wconf 91' lang='lat' dir='ltr'>primum</span> <span class='ocrx_word' id='word_1_197' title='bbox 973 3203 1047 3278; x_wconf 91' lang='lat' dir='ltr'>eius</span> <span class='ocrx_word' id='word_1_198' title='bbox 1076 3206 1256 3296; x_wconf 92' lang='lat' dir='ltr'>punctum:</span> <span class='ocrx_word' id='word_1_199' title='bbox 1302 3202 1372 3294; x_wconf 88' lang='lat' dir='ltr'>,Ut</span> <span class='ocrx_word' id='word_1_200' title='bbox 1400 3200 1560 3294; x_wconf 87' lang='lat' dir='ltr'>quamdiu</span> <span class='ocrx_word' id='word_1_201' title='bbox 1587 3197 1658 3272; x_wconf 86' lang='lat' dir='ltr'>vita</span> 
     </span>
     <span class='ocr_line' id='line_1_22' title="bbox 258 3318 1657 3419; baseline 0.003 -29"><span class='ocrx_word' id='word_1_202' title='bbox 258 3318 397 3391; x_wconf 90' lang='lat' dir='ltr'>duraret</span> <span class='ocrx_word' id='word_1_203' title='bbox 425 3323 494 3393; x_wconf 91' lang='lat' dir='ltr'>tam</span> <span class='ocrx_word' id='word_1_204' title='bbox 522 3320 620 3414; x_wconf 83' lang='lat' dir='ltr'>ipsis,</span> <span class='ocrx_word' id='word_1_205' title='bbox 651 3344 749 3416; x_wconf 90' lang='lat' dir='ltr'>quam</span> <span class='ocrx_word' id='word_1_206' title='bbox 778 3324 880 3398; x_wconf 88' lang='lat' dir='ltr'>ctiam</span> <span class='ocrx_word' id='word_1_207' title='bbox 909 3324 1058 3417; x_wconf 84' lang='lat' dir='ltr'>posteris</span> <span class='ocrx_word' id='word_1_208' title='bbox 1083 3325 1155 3399; x_wconf 91' lang='lat' dir='ltr'>suis</span> <span class='ocrx_word' id='word_1_209' title='bbox 1184 3347 1318 3419; x_wconf 89' lang='lat' dir='ltr'>semper</span> <span class='ocrx_word' id='word_1_210' title='bbox 1346 3324 1464 3396; x_wconf 91' lang='lat' dir='ltr'>ducem</span> <span class='ocrx_word' id='word_1_211' title='bbox 1491 3322 1657 3396; x_wconf 88' lang='lat' dir='ltr'>habereut</span> 
     </span>
     <span class='ocr_line' id='line_1_23' title="bbox 259 3441 1656 3540; baseline 0.002 -26"><span class='ocrx_word' id='word_1_212' title='bbox 259 3441 301 3514; x_wconf 88' lang='lat' dir='ltr'>de</span> <span class='ocrx_word' id='word_1_213' title='bbox 332 3443 497 3537; x_wconf 86' lang='lat' dir='ltr'>progenie</span> <span class='ocrx_word' id='word_1_214' title='bbox 525 3443 640 3516; x_wconf 88' lang='lat' dir='ltr'>Almi</span> <span class='ocrx_word' id='word_1_215' title='bbox 669 3444 785 3518; x_wconf 90' lang='lat' dir='ltr'>ducis“</span> <span class='ocrx_word' id='word_1_216' title='bbox 817 3487 867 3500; x_wconf 90' lang='lat'>—</span> <span class='ocrx_word' id='word_1_217' title='bbox 897 3451 979 3539; x_wconf 89' lang='lat' dir='ltr'>(non</span> <span class='ocrx_word' id='word_1_218' title='bbox 1009 3445 1201 3540; x_wconf 83' lang='lat' dir='ltr'>Arpadii,</span> <span class='ocrx_word' id='word_1_219' title='bbox 1230 3451 1269 3520; x_wconf 94' lang='lat' dir='ltr'>ut</span> <span class='ocrx_word' id='word_1_220' title='bbox 1291 3448 1414 3540; x_wconf 82' lang='lat' dir='ltr'>vulgus</span> <span class='ocrx_word' id='word_1_221' title='bbox 1432 3441 1656 3537; x_wconf 84' lang='lat' dir='ltr'>historiogra-</span> 
     </span>
     <span class='ocr_line' id='line_1_24' title="bbox 257 3565 1657 3663; baseline 0 -25"><span class='ocrx_word' id='word_1_222' title='bbox 257 3565 401 3657; x_wconf 86' lang='lat' dir='ltr'>phonrm</span> <span class='ocrx_word' id='word_1_223' title='bbox 427 3565 542 3639; x_wconf 90' lang='lat' dir='ltr'>locum</span> <span class='ocrx_word' id='word_1_224' title='bbox 570 3567 658 3640; x_wconf 92' lang='lat' dir='ltr'>hunc</span> <span class='ocrx_word' id='word_1_225' title='bbox 687 3566 894 3660; x_wconf 88' lang='lat' dir='ltr'>interpolare</span> <span class='ocrx_word' id='word_1_226' title='bbox 923 3570 1026 3660; x_wconf 88' lang='lat' dir='ltr'>solet)</span> <span class='ocrx_word' id='word_1_227' title='bbox 1046 3592 1085 3642; x_wconf 91' lang='lat' dir='ltr'>eo</span> <span class='ocrx_word' id='word_1_228' title='bbox 1105 3569 1172 3642; x_wconf 88' lang='lat' dir='ltr'>fine</span> <span class='ocrx_word' id='word_1_229' title='bbox 1196 3568 1421 3663; x_wconf 88' lang='lat' dir='ltr'>perscriptam</span> <span class='ocrx_word' id='word_1_230' title='bbox 1449 3568 1491 3640; x_wconf 86' lang='lat' dir='ltr'>ab</span> <span class='ocrx_word' id='word_1_231' title='bbox 1519 3569 1657 3639; x_wconf 88' lang='lat' dir='ltr'>auctora</span> 
     </span>
     <span class='ocr_line' id='line_1_25' title="bbox 256 3683 1654 3785; baseline 0 -27"><span class='ocrx_word' id='word_1_232' title='bbox 256 3686 364 3760; x_wconf 87' lang='lat' dir='ltr'>inisse</span> <span class='ocrx_word' id='word_1_233' title='bbox 392 3686 565 3780; x_wconf 88' lang='lat' dir='ltr'>opinetur,</span> <span class='ocrx_word' id='word_1_234' title='bbox 594 3692 632 3762; x_wconf 93' lang='lat' dir='ltr'>nt</span> <span class='ocrx_word' id='word_1_235' title='bbox 660 3689 713 3762; x_wconf 90' lang='lat' dir='ltr'>ius</span> <span class='ocrx_word' id='word_1_236' title='bbox 743 3691 784 3763; x_wconf 92' lang='lat' dir='ltr'>ad</span> <span class='ocrx_word' id='word_1_237' title='bbox 814 3713 956 3785; x_wconf 78' lang='lat' dir='ltr'>regnum</span> <span class='ocrx_word' id='word_1_238' title='bbox 984 3691 1182 3785; x_wconf 83' lang='lat' dir='ltr'>Hungariae</span> <span class='ocrx_word' id='word_1_239' title='bbox 1211 3689 1359 3784; x_wconf 89' lang='lat' dir='ltr'>principi</span> <span class='ocrx_word' id='word_1_240' title='bbox 1396 3687 1516 3782; x_wconf 90' lang='lat' dir='ltr'>stirpis</span> <span class='ocrx_word' id='word_1_241' title='bbox 1544 3683 1654 3760; x_wconf 89' lang='lat' dir='ltr'>virilis</span> 
     </span>
     <span class='ocr_line' id='line_1_26' title="bbox 258 3807 1655 3905; baseline 0.001 -25"><span class='ocrx_word' id='word_1_242' title='bbox 258 3807 484 3902; x_wconf 82' lang='lat' dir='ltr'>Arpadiauae,</span> <span class='ocrx_word' id='word_1_243' title='bbox 514 3815 633 3884; x_wconf 88' lang='lat' dir='ltr'>contra</span> <span class='ocrx_word' id='word_1_244' title='bbox 672 3809 818 3904; x_wconf 89' lang='lat' dir='ltr'>iniquas,</span> <span class='ocrx_word' id='word_1_245' title='bbox 850 3835 934 3904; x_wconf 90' lang='lat' dir='ltr'>quae</span> <span class='ocrx_word' id='word_1_246' title='bbox 976 3812 1105 3905; x_wconf 90' lang='lat' dir='ltr'>passim</span> <span class='ocrx_word' id='word_1_247' title='bbox 1147 3812 1373 3902; x_wconf 86' lang='lat' dir='ltr'>iactabantur,</span> <span class='ocrx_word' id='word_1_248' title='bbox 1402 3808 1655 3904; x_wconf 87' lang='lat' dir='ltr'>postulationes</span> 
     </span>
     <span class='ocr_line' id='line_1_27' title="bbox 256 3929 1655 4028; baseline 0.001 -25"><span class='ocrx_word' id='word_1_249' title='bbox 256 3929 366 4004; x_wconf 78' lang='lat' dir='ltr'>Caroli</span> <span class='ocrx_word' id='word_1_250' title='bbox 396 3929 546 4022; x_wconf 80' lang='lat' dir='ltr'>Siciliae,</span> <span class='ocrx_word' id='word_1_251' title='bbox 576 3935 611 4004; x_wconf 90' lang='lat' dir='ltr'>et</span> <span class='ocrx_word' id='word_1_252' title='bbox 639 3937 675 4006; x_wconf 88' lang='lat' dir='ltr'>ut</span> <span class='ocrx_word' id='word_1_253' title='bbox 704 3955 740 4006; x_wconf 89' lang='lat' dir='ltr'>se</span> <span class='ocrx_word' id='word_1_254' title='bbox 769 3935 900 4007; x_wconf 89' lang='lat' dir='ltr'>ferebat</span> <span class='ocrx_word' id='word_1_255' title='bbox 922 3933 1120 4026; x_wconf 81' lang='lat' dir='ltr'>Hungariae</span> <span class='ocrx_word' id='word_1_256' title='bbox 1140 3933 1245 4028; x_wconf 76' lang='lat' dir='ltr'>regia,</span> <span class='ocrx_word' id='word_1_257' title='bbox 1265 3932 1442 4008; x_wconf 89' lang='lat' dir='ltr'>historicis</span> <span class='ocrx_word' id='word_1_258' title='bbox 1470 3931 1574 4006; x_wconf 89' lang='lat' dir='ltr'>etiam</span> <span class='ocrx_word' id='word_1_259' title='bbox 1602 3954 1655 4004; x_wconf 85' lang='lat' dir='ltr'>ra·</span> 
     </span>
     <span class='ocr_line' id='line_1_28' title="bbox 258 4049 678 4128; baseline 0.01 -4"><span class='ocrx_word' id='word_1_260' title='bbox 258 4049 409 4126; x_wconf 88' lang='lat' dir='ltr'>tionibus</span> <span class='ocrx_word' id='word_1_261' title='bbox 437 4053 678 4128; x_wconf 83' lang='lat' dir='ltr'>vindicaretur.</span> 
     </span>
    </p>

    <p class='ocr_par' dir='ltr' id='par_1_4' title="bbox 253 4173 1654 5126">
     <span class='ocr_line' id='line_1_29' title="bbox 411 4173 1654 4268; baseline -0.001 -20"><span class='ocrx_word' id='word_1_262' title='bbox 411 4174 497 4268; x_wconf 77' lang='lat' dir='ltr'>Quid</span> <span class='ocrx_word' id='word_1_263' title='bbox 525 4175 591 4249; x_wconf 86' lang='lat' dir='ltr'>sibi</span> <span class='ocrx_word' id='word_1_264' title='bbox 620 4175 767 4250; x_wconf 92' lang='lat' dir='ltr'>voluerit</span> <span class='ocrx_word' id='word_1_265' title='bbox 795 4178 858 4254; x_wconf 88' lang='lat' dir='ltr'>hac</span> <span class='ocrx_word' id='word_1_266' title='bbox 887 4201 948 4251; x_wconf 89' lang='lat' dir='ltr'>sua</span> <span class='ocrx_word' id='word_1_267' title='bbox 977 4177 1186 4252; x_wconf 83' lang='lat' dir='ltr'>divinatione</span> <span class='ocrx_word' id='word_1_268' title='bbox 1215 4176 1268 4250; x_wconf 93' lang='lat' dir='ltr'>vir</span> <span class='ocrx_word' id='word_1_269' title='bbox 1305 4177 1436 4266; x_wconf 83' lang='lat' dir='ltr'>doctae,</span> <span class='ocrx_word' id='word_1_270' title='bbox 1465 4199 1532 4249; x_wconf 93' lang='lat' dir='ltr'>uon</span> <span class='ocrx_word' id='word_1_271' title='bbox 1561 4173 1654 4248; x_wconf 87' lang='lat' dir='ltr'>vide·</span> 
     </span>
     <span class='ocr_line' id='line_1_30' title="bbox 256 4295 1653 4396; baseline 0 -29"><span class='ocrx_word' id='word_1_272' title='bbox 256 4317 341 4368; x_wconf 88' lang='lat' dir='ltr'>urus.</span> <span class='ocrx_word' id='word_1_273' title='bbox 370 4295 527 4371; x_wconf 80' lang='lat' dir='ltr'>Libellus</span> <span class='ocrx_word' id='word_1_274' title='bbox 556 4297 711 4393; x_wconf 82' lang='lat' dir='ltr'>magistri</span> <span class='ocrx_word' id='word_1_275' title='bbox 742 4303 780 4374; x_wconf 91' lang='grc' dir='ltr'>Ρ.</span> <span class='ocrx_word' id='word_1_276' title='bbox 811 4302 852 4374; x_wconf 89' lang='lat' dir='ltr'>dc</span> <span class='ocrx_word' id='word_1_277' title='bbox 880 4300 990 4394; x_wconf 85' lang='lat' dir='ltr'>gestis</span> <span class='ocrx_word' id='word_1_278' title='bbox 1018 4302 1271 4396; x_wconf 77' lang='lat' dir='ltr'>llungarorum</span> <span class='ocrx_word' id='word_1_279' title='bbox 1297 4321 1339 4372; x_wconf 88' lang='lat' dir='ltr'>ex</span> <span class='ocrx_word' id='word_1_280' title='bbox 1368 4297 1442 4372; x_wconf 93' lang='lat' dir='ltr'>eius</span> <span class='ocrx_word' id='word_1_281' title='bbox 1470 4295 1653 4385; x_wconf 87' lang='lat' dir='ltr'>sententia,</span> 
     </span>
     <span class='ocr_line' id='line_1_31' title="bbox 255 4414 1653 4513; baseline 0.001 -26"><span class='ocrx_word' id='word_1_282' title='bbox 255 4414 345 4489; x_wconf 90' lang='lat' dir='ltr'>iutra</span> <span class='ocrx_word' id='word_1_283' title='bbox 372 4440 481 4493; x_wconf 88' lang='lat' dir='ltr'>arrrros</span> <span class='ocrx_word' id='word_1_284' title='bbox 511 4421 714 4496; x_wconf 75' lang='lat'>1279-82</span> <span class='ocrx_word' id='word_1_285' title='bbox 744 4427 797 4496; x_wconf 89' lang='lat' dir='ltr'>est</span> <span class='ocrx_word' id='word_1_286' title='bbox 824 4422 953 4509; x_wconf 63' lang='lat' dir='ltr'>editum</span> <span class='ocrx_word' id='word_1_287' title='bbox 984 4445 1059 4496; x_wconf 92' lang='lat' dir='ltr'>cum</span> <span class='ocrx_word' id='word_1_288' title='bbox 1087 4419 1255 4508; x_wconf 80' lang='lat' dir='ltr'>Andreas,</span> <span class='ocrx_word' id='word_1_289' title='bbox 1275 4423 1396 4513; x_wconf 86' lang='lat' dir='ltr'>postea</span> <span class='ocrx_word' id='word_1_290' title='bbox 1414 4417 1516 4493; x_wconf 86' lang='lat' dir='ltr'>huius</span> <span class='ocrx_word' id='word_1_291' title='bbox 1545 4417 1653 4490; x_wconf 92' lang='lat' dir='ltr'>uomi-</span> 
     </span>
     <span class='ocr_line' id='line_1_32' title="bbox 255 4538 1652 4637; baseline 0 -27"><span class='ocrx_word' id='word_1_292' title='bbox 255 4538 308 4610; x_wconf 90' lang='lat' dir='ltr'>uis</span> <span class='ocrx_word' id='word_1_293' title='bbox 337 4561 397 4612; x_wconf 83' lang='lat' dir='ltr'>rex</span> <span class='ocrx_word' id='word_1_294' title='bbox 426 4540 550 4615; x_wconf 89' lang='lat' dir='ltr'>tertius</span> <span class='ocrx_word' id='word_1_295' title='bbox 579 4543 736 4618; x_wconf 90' lang='lat' dir='ltr'>ducatum</span> <span class='ocrx_word' id='word_1_296' title='bbox 765 4567 874 4636; x_wconf 90' lang='lat' dir='ltr'>snum,</span> <span class='ocrx_word' id='word_1_297' title='bbox 904 4550 941 4617; x_wconf 93' lang='lat' dir='ltr'>nt</span> <span class='ocrx_word' id='word_1_298' title='bbox 959 4543 1137 4637; x_wconf 84' lang='lat' dir='ltr'>proximus</span> <span class='ocrx_word' id='word_1_299' title='bbox 1158 4541 1252 4636; x_wconf 79' lang='lat' dir='ltr'>regni</span> <span class='ocrx_word' id='word_1_300' title='bbox 1273 4543 1393 4615; x_wconf 86' lang='lat' dir='ltr'>haeres</span> <span class='ocrx_word' id='word_1_301' title='bbox 1414 4541 1479 4614; x_wconf 93' lang='lat' dir='ltr'>iam</span> <span class='ocrx_word' id='word_1_302' title='bbox 1509 4541 1652 4612; x_wconf 88' lang='lat' dir='ltr'>teneret.</span> 
     </span>
     <span class='ocr_line' id='line_1_33' title="bbox 260 4659 1654 4760; baseline -0.001 -27"><span class='ocrx_word' id='word_1_303' title='bbox 260 4659 440 4748; x_wconf 83' lang='lat' dir='ltr'>,Arrdreas</span> <span class='ocrx_word' id='word_1_304' title='bbox 468 4662 603 4737; x_wconf 83' lang='lat' dir='ltr'>virente</span> <span class='ocrx_word' id='word_1_305' title='bbox 632 4666 741 4740; x_wconf 91' lang='lat' dir='ltr'>adhuc</span> <span class='ocrx_word' id='word_1_306' title='bbox 770 4689 848 4760; x_wconf 77' lang='lat' dir='ltr'>rege</span> <span class='ocrx_word' id='word_1_307' title='bbox 876 4665 1037 4740; x_wconf 85' lang='lat' dir='ltr'>Ladiulao</span> <span class='ocrx_word' id='word_1_308' title='bbox 1065 4665 1101 4737; x_wconf 89' lang='lat' dir='ltr'>in</span> <span class='ocrx_word' id='word_1_309' title='bbox 1129 4663 1342 4757; x_wconf 84' lang='lat' dir='ltr'>Hungariam</span> <span class='ocrx_word' id='word_1_310' title='bbox 1370 4661 1590 4750; x_wconf 83' lang='lat' dir='ltr'>subintravit,</span> <span class='ocrx_word' id='word_1_311' title='bbox 1615 4683 1654 4733; x_wconf 92' lang='lat' dir='ltr'>eo</span> 
     </span>
     <span class='ocr_line' id='line_1_34' title="bbox 253 4782 1654 4880; baseline -0.001 -24"><span class='ocrx_word' id='word_1_312' title='bbox 253 4782 364 4876; x_wconf 91' lang='lat' dir='ltr'>quod</span> <span class='ocrx_word' id='word_1_313' title='bbox 393 4789 509 4858; x_wconf 88' lang='lat' dir='ltr'>essct</span> <span class='ocrx_word' id='word_1_314' title='bbox 537 4786 635 4876; x_wconf 86' lang='lat' dir='ltr'>dux,</span> <span class='ocrx_word' id='word_1_315' title='bbox 666 4785 740 4880; x_wconf 94' lang='lat' dir='ltr'>qui</span> <span class='ocrx_word' id='word_1_316' title='bbox 769 4788 960 4863; x_wconf 89' lang='lat' dir='ltr'>deberet</span> <span class='ocrx_word' id='word_1_317' title='bbox 987 4787 1146 4862; x_wconf 90' lang='lat' dir='ltr'>habere</span> <span class='ocrx_word' id='word_1_318' title='bbox 1174 4785 1425 4880; x_wconf 90' lang='lat' dir='ltr'>portionem</span> <span class='ocrx_word' id='word_1_319' title='bbox 1454 4783 1492 4858; x_wconf 92' lang='lat' dir='ltr'>in</span> <span class='ocrx_word' id='word_1_320' title='bbox 1523 4805 1654 4877; x_wconf 85' lang='lat' dir='ltr'>regno</span> 
     </span>
     <span class='ocr_line' id='line_1_35' title="bbox 255 4905 1653 5004; baseline -0.001 -26"><span class='ocrx_word' id='word_1_321' title='bbox 255 4905 347 5000; x_wconf 78' lang='lat' dir='ltr'>regis</span> <span class='ocrx_word' id='word_1_322' title='bbox 374 4905 544 5004; x_wconf 79' lang='lat' dir='ltr'>Andreae,</span> <span class='ocrx_word' id='word_1_323' title='bbox 575 4908 678 4982; x_wconf 89' lang='lat' dir='ltr'>titulo</span> <span class='ocrx_word' id='word_1_324' title='bbox 705 4908 759 4982; x_wconf 91' lang='lat' dir='ltr'>avi</span> <span class='ocrx_word' id='word_1_325' title='bbox 789 4909 877 4983; x_wconf 80' lang='lat' dir='ltr'>sni.“</span> <span class='ocrx_word' id='word_1_326' title='bbox 909 4910 1032 4984; x_wconf 76' lang='lat' dir='ltr'>Chron.</span> <span class='ocrx_word' id='word_1_327' title='bbox 1062 4911 1100 4982; x_wconf 90' lang='lat' dir='ltr'>P.</span> <span class='ocrx_word' id='word_1_328' title='bbox 1129 4910 1169 4984; x_wconf 89' lang='lat' dir='ltr'>ll.</span> <span class='ocrx_word' id='word_1_329' title='bbox 1194 4931 1221 4982; x_wconf 95' lang='lat' dir='ltr'>c.</span> <span class='ocrx_word' id='word_1_330' title='bbox 1253 4910 1313 4981; x_wconf 88' lang='lat'>88.</span> <span class='ocrx_word' id='word_1_331' title='bbox 1342 4930 1377 5001; x_wconf 91' lang='lat' dir='ltr'>p.</span> <span class='ocrx_word' id='word_1_332' title='bbox 1408 4911 1493 4982; x_wconf 80' lang='lat'>131.</span> <span class='ocrx_word' id='word_1_333' title='bbox 1523 4906 1567 4978; x_wconf 79' lang='lat' dir='ltr'>ut.</span> <span class='ocrx_word' id='word_1_334' title='bbox 1587 4925 1653 4977; x_wconf 91' lang='lat' dir='ltr'>nou</span> 
     </span>
     <span class='ocr_line' id='line_1_36' title="bbox 254 5025 1653 5126; baseline -0.004 -20"><span class='ocrx_word' id='word_1_335' title='bbox 254 5031 327 5106; x_wconf 82' lang='lat' dir='ltr'>crat</span> <span class='ocrx_word' id='word_1_336' title='bbox 353 5029 422 5106; x_wconf 85' lang='lat' dir='ltr'>dux</span> <span class='ocrx_word' id='word_1_337' title='bbox 451 5029 590 5106; x_wconf 81' lang='lat' dir='ltr'>nominc</span> <span class='ocrx_word' id='word_1_338' title='bbox 620 5031 740 5122; x_wconf 91' lang='lat' dir='ltr'>solum,</span> <span class='ocrx_word' id='word_1_339' title='bbox 772 5031 832 5108; x_wconf 91' lang='lat' dir='ltr'>sed</span> <span class='ocrx_word' id='word_1_340' title='bbox 860 5055 896 5107; x_wconf 89' lang='lat' dir='ltr'>re</span> <span class='ocrx_word' id='word_1_341' title='bbox 925 5035 959 5105; x_wconf 94' lang='lat' dir='ltr'>et</span> <span class='ocrx_word' id='word_1_342' title='bbox 986 5033 1170 5126; x_wconf 87' lang='lat' dir='ltr'>potestate,</span> <span class='ocrx_word' id='word_1_343' title='bbox 1192 5029 1294 5106; x_wconf 85' lang='lat' dir='ltr'>etiam</span> <span class='ocrx_word' id='word_1_344' title='bbox 1323 5029 1358 5106; x_wconf 91' lang='lat' dir='ltr'>iu</span> <span class='ocrx_word' id='word_1_345' title='bbox 1378 5027 1535 5126; x_wconf 88' lang='lat' dir='ltr'>partibus</span> <span class='ocrx_word' id='word_1_346' title='bbox 1555 5025 1653 5123; x_wconf 80' lang='lat' dir='ltr'>regui</span> 
     </span>
    </p>
   </div>
   <div class='ocr_carea' id='block_1_3' title="bbox 0 0 1954 5752">
    <p class='ocr_par' dir='ltr' id='par_1_5' title="bbox 0 0 1954 5752">
     <span class='ocr_line' id='line_1_37' title="bbox 0 0 1954 5752; baseline 0 1"><span class='ocrx_word' id='word_1_347' title='bbox 0 0 1954 5752; x_wconf 95' lang='lat' dir='ltr'> </span> 
     </span>
    </p>
   </div>
  </div>
 </body>
</html>
