4024 5776
258 769 408 860 gentes
441 767 481 834 et
514 783 637 859 regna
673 765 951 858 uastauerant,
986 766 1027 834 et
1059 781 1202 836 eorum
1219 747 1415 866 refgiones
1434 779 1667 860 occupaue-

261 865 371 958 rmit.
422 874 501 958 Sed
547 893 587 957 et
630 876 949 958 earintlrinorum
1000 876 1334 958 moroanensium
1369 877 1472 957 fines
1505 867 1667 988 erejbris

261 999 497 1081 ineursilms
531 994 831 1106 irripuer·unt.¹)
866 997 1050 1094 Quarum
1085 1000 1216 1080 multa
1247 999 1361 1080 milia
1394 997 1727 1080 bominuminlo

259 1149 332 1202 ure
366 1115 495 1236 glebii
530 1122 779 1221 (reciderunt,
813 1121 990 1229 presidia
1037 1123 1342 1224 sulmerterunt‚
1393 1133 1434 1200 et
1480 1120 1666 1225 regiones

259 1271 405 1324 eurum
442 1244 723 1350 possederunt,
754 1245 759 1350 l
819 1258 859 1324 et
891 1272 1024 1350 usque
1057 1245 1097 1324 in
1132 1243 1375 1325 hodiernum
1410 1242 1531 1344 diem,
1550 1241 1666 1322 adiu·

260 1381 389 1446 nante
423 1366 590 1446 damino
623 1379 814 1473 patenter
846 1381 886 1446 et
919 1366 1089 1473 pacifice
1119 1367 1123 1470 l
1153 1367 1369 1474 posteritas
1387 1390 1531 1446 earum
1563 1362 1666 1443 deti·

259 1503 346 1568 net.
379 1488 495 1570 'lune
528 1489 697 1570 usubnu
730 1504 770 1568 et
803 1515 927 1570 eusee
960 1503 1237 1594 paterureun,
1256 1516 1353 1569 eum
1371 1486 1483 1568 omni
1512 1482 1516 1596 l
1547 1512 1666 1566 exer-

259 1611 347 1690 eitu
381 1637 522 1692 eruum
557 1612 645 1692 sani
679 1625 720 1691 et
752 1611 980 1692 incolumes
1014 1639 1110 1692 eum
1144 1637 1293 1716 magna
1325 1609 1496 1690 uictoria
1528 1633 1666 1690 reuer-

259 1734 295 1812 si
328 1733 507 1814 suntad
538 1733 720 1840 ldueem
755 1734 893 1840 arpad.
934 1731 1049 1814 Deus
1086 1733 1208 1834 enim,
1243 1732 1356 1815 euius
1390 1729 1727 1812 misericerdiam

264 1857 407 1962 preuia
441 1871 537 1957 erat,
572 1855 736 1936 tradidit
773 1856 868 1936 duci
901 1855 1024 1961 arpad
1070 1869 1111 1934 et
1152 1855 1236 1937 suis
1266 1853 1271 1966 1
1301 1853 1499 1935 militibus
1533 1852 1666 1934 inimi-

264 2005 336 2058 eas
370 2005 524 2079 earum,
560 1991 601 2057 et
633 2006 706 2084 per
738 2005 886 2058 manus
919 2004 1014 2058 suas
1047 1977 1209 2058 labores
1242 1976 1490 2084 papularum
1524 2001 1665 2082 posse·

242 2101 425 2182 ,derunt
459 2099 539 2181 Vbi
568 2101 573 2208 l
603 2129 699 2180 eum
731 2099 899 2180 radicati
945 2099 1131 2201 fuissent,
1181 2113 1221 2178 et
1259 2101 1344 2180 fere
1387 2097 1526 2179 amnia
1564 2095 1666 2178 uici·

262 2223 381 2304 niara
413 2249 539 2326 regna
582 2221 660 2304 sibi
703 2221 1004 2327 subingassent,
1034 2220 1039 2330 l
1069 2221 1224 2304 reuersi
1256 2235 1354 2304 sunt
1386 2221 1503 2301 iuxta
1535 2220 1666 2300 danu-

250 2345 378 2426 bium
414 2371 558 2426 uersus
591 2345 739 2426 siluam
775 2371 900 2426 eausa
931 2344 1175 2444 uenationis,
1194 2357 1235 2422 et
1267 2343 1451 2425 dimissis
1467 2341 1666 2424 militibus

260 2467 310 2547 ad
347 2495 419 2547 sua
455 2467 629 2574 propria,
663 2467 751 2548 dux
785 2479 825 2546 et
858 2467 920 2548 sui
953 2466 1113 2548 nobiles
1145 2479 1388 2549 manserunt
1419 2465 1460 2545 in
1495 2454 1726 2576 eademi20

262 2588 368 2670 silua
403 2615 476 2696 per
507 2589 546 2668 X
579 2588 677 2670 dies.
720 2589 771 2668 Et
812 2589 907 2670 inde
956 2602 1162 2670 uenerunt
1198 2588 1249 2668 ad
1282 2587 1490 2668 ciuitatem
1523 2585 1665 2667 atthile

260 2711 378 2816 regis,
403 2711 506 2791 etad
529 2711 706 2792 insulam
737 2712 741 2816 Ι
771 2711 886 2818 sepel
909 2711 1223 2812 descenderunt,
1242 2711 1315 2793 ubi
1332 2711 1496 2792 ducissa
1528 2723 1570 2790 et
1586 2708 1665 2788 alie

259 2833 454 2915 mulieres
471 2833 670 2914 nobilium
704 2833 884 2915 fuerunt.
915 2830 919 2943 l
948 2833 1000 2914 Et
1026 2833 1171 2912 eedem
1190 2857 1298 2912 anne
1317 2832 1403 2914 dux
1437 2833 1562 2940 arpad
1595 2856 1664 2935 ge·

260 2957 352 3036 nuit
383 2955 515 3035 filium
547 2955 714 3036 nemine
746 2955 874 3058 Zulta,
898 2968 939 3036 et
955 2957 1110 3036 factum
1130 2967 1191 3034 est
1220 2956 1224 3060 l
1253 2955 1447 3060 gaudium
1467 2979 1664 3059 magnum

261 3079 369 3158 inter
400 3078 617 3182 hungaros.
652 3077 703 3157 Et
735 3077 822 3157 dux
855 3090 896 3158 et
929 3077 990 3158 sui
1023 3077 1183 3158 nobiles
1216 3103 1291 3184 per
1315 3077 1513 3183 plurimos
1543 3077 1548 3182 l
1577 3077 1664 3157 dies

256 3199 468 3280 faciebant
500 3199 692 3280 (conuiuia
725 3226 887 3304 magna.
904 3199 1166 3306 quenesque
1186 3227 1326 3280 eurum
1353 3199 1553 3280 ludebant
1568 3209 1664 3280 ante

258 3321 407 3402 faeiem
438 3323 442 3426 l
472 3322 587 3403 dueis
621 3337 661 3401 et
693 3349 856 3404 suorum
891 3321 1104 3423 nobilium,
1138 3321 1244 3402 sieut
1276 3320 1370 3426 agni
1403 3320 1543 3401 ouium
1567 3321 1722 3401 ante25

256 3445 418 3525 arietes
452 3445 682 3526 Transactis
726 3457 865 3524 autem
895 3445 899 3550 l
930 3444 1178 3550 quibusdam
1220 3443 1378 3544 diebus,
1416 3442 1503 3522 dux
1536 3443 1662 3551 arpad

256 3582 299 3644 et
332 3567 397 3647 sni
430 3566 590 3647 nobiles
624 3567 835 3666 communi
853 3567 1021 3648 consilio
1039 3566 1240 3646 miserunt
1266 3557 1503 3678 edereitum
1522 3579 1664 3646 eontra

257 3701 551 3769 rnenuumront
584 3688 732 3770 ducem
779 3689 1079 3796 bylmriensem.
1110 3687 1184 3768 (lui
1228 3687 1427 3767 exercitui
1455 3686 1661 3794 principes

256 3826 299 3890 et
329 3809 334 3920 l
363 3810 554 3891 ductores
585 3812 682 3890 faeti
715 3824 811 3890 sunt
843 3811 1009 3891 usubuu
1036 3824 1077 3889 et
1108 3810 1236 3890 velee.
1271 3808 1350 3903 Qui
1383 3809 1534 3914 egressi
1566 3823 1663 3890 sunt

254 3931 307 4012 de
341 3933 473 4012 insula
509 3927 748 4043 equitantes
792 3960 865 4039 per
908 3932 1112 4032 sabulum,
1145 3946 1187 4011 et
1216 3929 1390 4012 fluuium
1429 3931 1586 4041 thyseie
1620 3931 1661 4012 in

254 4070 377 4162 partu
413 4055 567 4134 beuldu
600 4055 1034 4159 transnauigauerunt.
1071 4053 1119 4133 Et
1149 4054 1245 4134 inde
1280 4053 1511 4159 equitantes
1544 4053 1720 4144 iuxta30

254 4175 429 4257 tluuium
464 4203 646 4282 eoumug
678 4189 810 4258 eastra
843 4179 993 4258 metati
1026 4189 1133 4276 sunt,
1176 4189 1217 4256 et
1249 4203 1392 4258 onmes
1425 4176 1554 4278 siculi,
1589 4177 1659 4282 qni

254 4299 387 4405 prime
430 4312 546 4378 erant
592 4299 736 4406 pepuli
786 4299 924 4408 athyle
971 4299 1088 4404 regis,
1138 4298 1278 4378 audita
1306 4302 1311 4402 Ι
1339 4299 1449 4379 fama
1491 4300 1660 4381 usubuu

253 4420 420 4502 obuiam
455 4421 614 4528 liaeifiei
648 4434 864 4523 uenerunt,
907 4436 948 4502 et
981 4449 1055 4504 sua
1087 4433 1234 4527 sponte
1267 4419 1370 4502 filios
1400 4419 1404 4529 l
1433 4445 1529 4502 suas
1563 4448 1658 4502 eum

255 4541 428 4624 diuersis
461 4545 703 4624 nnmerilms
737 4545 775 4623 in
810 4545 974 4626 absides
1022 4543 1235 4624 dederunt.
1281 4541 1330 4622 Et
1361 4557 1456 4623 ante
1491 4537 1658 4656 exenei-

252 4679 340 4744 tnm
376 4666 544 4747 usulmu
577 4667 616 4746 in
649 4666 782 4773 prima
814 4666 900 4747 acie
919 4682 1060 4747 eontra
1079 4679 1368 4748 menumamut
1395 4667 1613 4773 pugnaturi
1625 4662 1656 4775 ²)
1669 4682 1716 4754 35

360 4967 386 5058 ¹)
415 4984 495 5056 pru:
524 4961 733 5064 irruperunt.
765 4957 792 5059 ²)
813 4962 862 5036 sic
877 4961 911 5036 Ο.
927 4961 1054 5036 excidit
1070 4984 1154 5036 vex:
1171 4961 1343 5062 progredi,
1360 4961 1415 5035 vel
1435 4959 1546 5036 simile
1561 4961 1654 5063 quid.
