3900 5762
1024 453 1179 583 488-

401 709 517 779 entes
550 695 867 802 coniunguntur,
902 711 942 779 et
983 725 1057 806 per
1100 698 1280 780 eundem
1313 698 1551 782 Ladislaum
1584 727 1725 806 regem
1756 725 1802 780 ae

399 817 616 925 Hungaros
648 821 783 900 taliter
814 835 1072 927 superantur,
1106 835 1153 900 nt
1190 848 1267 902 neu
1304 849 1413 901 unus
1447 849 1501 902 ex
1533 822 1632 930 ipsis
1676 823 1804 905 fertur

399 943 657 1024 remansisse.

556 1065 625 1146 36.
658 1064 847 1146 Ladislao
881 1079 1019 1146 autem
1055 1065 1226 1171 migrato
1259 1065 1447 1170 regnauit
1465 1081 1671 1172 posteum
1696 1066 1802 1148 filius

400 1185 553 1266 Geielre
586 1185 691 1290 regis
726 1185 1010 1270 llalmnannus
1025 1183 1052 1295 ¹)
1087 1188 1204 1270 annis
1238 1188 1274 1269 X
1310 1200 1351 1268 et
1383 1202 1487 1289 oete,
1512 1189 1630 1271 euius
1653 1215 1803 1296 eorpus

399 1308 505 1388 iacet
536 1308 656 1390 albe.
689 1307 766 1388 llic
800 1309 967 1415 quidem
1002 1311 1142 1417 presul
1175 1324 1271 1412 erat,
1306 1323 1346 1390 et
1387 1310 1539 1392 exinde
1581 1312 1803 1393 translatus

398 1430 440 1510 in
471 1457 610 1533 regem
645 1443 873 1511 coronatur.
907 1427 1126 1538 (lurnres2)
1162 1432 1272 1513 enim
1320 1432 1498 1514 Kalman
1531 1447 1593 1516 est
1619 1447 1802 1536 vocatus,

398 1547 535 1657 emn³)
569 1551 693 1634 libros
726 1552 976 1654 habebatur
1012 1554 1163 1660 quibus
1186 1568 1232 1635 ut
1258 1555 1477 1661 episeopus
1510 1556 1674 1660 legebat
1707 1583 1803 1640 suas

397 1675 528 1756 horas.
562 1673 643 1755 Iste
677 1700 844 1781 quoque
893 1675 935 1755 iu
985 1703 1156 1780 regnum
1189 1675 1395 1757 Dalmatie
1445 1677 1570 1760 missu
1614 1679 1803 1760 exercitu

397 1796 529 1877 occidi
560 1795 658 1876 lecit
689 1823 829 1901 regem
861 1797 1039 1898 Petrum,
1074 1799 1144 1904 qui
1172 1797 1389 1904 Hnngaris‚
1410 1799 1449 1878 in
1484 1800 1694 1883 montibus
1730 1801 1801 1908 qui

397 1918 509 2000 Goad
542 1918 736 2000 dicuntur
767 1944 998 2023 occurrens,
1034 1935 1096 2002 est
1128 1920 1316 2002 deuictus
1350 1921 1390 2000 in
1414 1922 1801 2004 montibusmemo·

396 2041 492 2123 ratis
526 2054 566 2122 et
598 2040 770 2122 oecisus.
804 2039 922 2121 Vnde
956 2042 1079 2122 iidem
1113 2058 1426 2150 urentesusque
1454 2043 1573 2124 hodie
1606 2044 1649 2124 in
1681 2045 1802 2127 Hun-

396 2164 530 2267 garieo
563 2157 727 2269 Patur⁴)
761 2163 914 2244 Gezdia
946 2165 1221 2246 nominantur.
1256 2163 1382 2246 Sedes
1416 2167 1525 2245 enim
1544 2166 1668 2249 huius
1696 2169 1803 2274 regis

396 2285 437 2366 in
470 2285 612 2365 'l'eneu
646 2297 731 2364 erat
764 2285 942 2366 ciuitate.
976 2286 1066 2367 Hne
1100 2313 1194 2393 ergo
1226 2287 1346 2391 laete,
1377 2300 1418 2367 et
1449 2285 1802 2394 regnoDalmatie

396 2406 655 2513 euriquistatu
666 2403 696 2513 ⁵)
730 2407 867 2511 galeas
899 2435 1029 2491 naues
1063 2423 1104 2490 et
1135 2410 1274 2490 teritas
1293 2437 1388 2490 eum
1408 2409 1576 2492 Venetis
1595 2411 1802 2512 solidauit‚

395 2529 562 2610 mittens
596 2556 692 2608 eum
726 2529 783 2611 eis
818 2531 1047 2612 exereitum
1080 2531 1370 2637 llungarorum
1405 2532 1445 2611 in
1478 2533 1688 2640 Apuliam,
1730 2535 1802 2616 ubi

395 2649 648 2757 Monopolim
697 2663 739 2730 et
768 2651 1048 2734 Brundusium
1100 2653 1287 2735 ciuitates
1335 2667 1602 2761 occuparunt,
1637 2655 1803 2738 ciuibus

396 2773 645 2879 quibusdam
679 2772 804 2852 fidem
838 2773 1007 2857 Venetis
1041 2776 1371 2858 obseruantibus.
1407 2775 1598 2884 Cumque
1631 2779 1801 2860 easdem

395 2895 582 2976 ciuitates
615 2894 666 2975 ad
700 2895 927 2977 tenendum
960 2897 1129 2979 Venetis
1162 2897 1435 3004 reliquissent,
1460 2900 1673 2982 emreitatis
1708 2929 1803 2983 eur-

394 3017 509 3100 sibus
541 3017 713 3124 planum
746 3019 899 3124 Apulie
932 3019 973 3100 in
1008 3021 1255 3127 quibusdam
1291 3020 1391 3102 loeis
1425 3021 1690 3104 deuastantes
1730 3025 1802 3104 tri·

394 3140 472 3222 bus
506 3139 718 3223 mensibus
753 3141 793 3220 iu
842 3168 891 3221 ea
938 3170 1214 3248 permansere.
1263 3141 1533 3250 'lbmlemque
1583 3145 1633 3224 ad
1667 3173 1802 3227 naues

393 3262 614 3344 redeuntes
646 3289 721 3368 per
752 3289 864 3343 mare
898 3263 936 3342 in
971 3263 1220 3346 Dalmatiam
1262 3277 1538 3368 reuertuntur,
1581 3266 1802 3373 capitaneo

392 3383 588 3489 Hungaro
623 3397 663 3465 et
695 3384 799 3490 regis
832 3384 1042 3490 Hungarie
1076 3388 1244 3468 banerio
1291 3385 1446 3468 ibidem
1496 3416 1592 3469 eum
1626 3387 1801 3472 Venetis

393 3506 609 3588 derelictis.
644 3505 755 3601 Quas
789 3507 957 3613 quidem
991 3509 1178 3591 ciuitates
1212 3508 1458 3592 (luillelnms
1492 3510 1626 3592 iunior
1642 3539 1718 3592 rex
1737 3511 1802 3593 Si-

394 3629 485 3709 cilie
517 3655 592 3735 per
623 3628 825 3710 auxilium
859 3629 1099 3712 Pisandrum
1134 3632 1406 3736 eummaguis
1424 3634 1660 3741 sumptibus
1682 3651 1800 3742 pest·

324 3793 325 3796 κ
393 3751 564 3832 modum
596 3751 666 3831 vix
701 3751 902 3832 rehabuit.

551 3867 619 3952 37.
652 3873 747 3954 Post
780 3873 1127 3982 ltalomannumfl)
1160 3903 1257 3957 rem
1305 3877 1493 3983 regnauit
1528 3877 1628 3958 Bela
1676 3881 1800 3964 annis

394 3993 463 4076 lX.
496 3993 659 4077 duobus
693 3996 917 4079 mensibus.
952 3998 1058 4079 albe
1090 3999 1330 4081 tumulatur.

551 4117 619 4198 38.
653 4117 748 4200 Post
777 4119 920 4200 Belam
954 4134 1093 4202 autem
1133 4121 1321 4227 regnauit
1353 4121 1509 4203 lleielra
1544 4123 1624 4203 XX
1661 4124 1796 4208 annis.

390 4235 573 4320 Tandem
609 4240 780 4322 moritur
812 4255 853 4322 et
884 4242 991 4323 Albe
1025 4243 1234 4349 sepelitur.

548 4361 616 4442 39.
651 4362 765 4468 (l'ost
797 4359 947 4471 hund)
976 4365 1164 4470 regnauit
1188 4362 1422 4472 Stephanus
1450 4365 1568 4448 annis
1596 4367 1796 4450 undecim

391 4483 603 4566 mensibus
637 4511 801 4566 nouem.
821 4487 912 4580 Quo
931 4487 1099 4593 quidem
1122 4489 1350 4595 imperante
1369 4488 1582 4570 Ladislaus
1609 4489 1695 4570 dux
1715 4492 1797 4573 sibi

391 4619 562 4712 usurpat
592 4633 764 4712 regnum
799 4623 840 4686 et
873 4635 1065 4689 eorunam
1098 4637 1206 4690 atnnu
1243 4610 1388 4690 medie.
1423 4610 1529 4691 Albe
1562 4612 1795 4721 sepelitur.)

390 4797 400 4804 -
428 4799 434 4804 -
472 4799 596 4807 -υ--ο-ι

498 4881 523 4977 ¹)
551 4885 774 4960 Kalamanus.
805 4883 831 4984 ¹)
861 4886 1030 4980 Quunres.
1062 4881 1088 4985 ³)
1118 4887 1286 4980 quoniam.
1309 4883 1469 4986 ⁴)Petur.
1489 4887 1517 4979 ⁵)
1535 4891 1793 4980 conqueslrato.

391 4985 417 5088 ⁰)
445 4989 706 5066 Kolomannum.
739 4987 766 5084 ⁷)
796 5014 836 5065 er
865 4993 929 5066 He.
959 4991 1192 5085 supplevimus
1222 5015 1286 5086 que
1314 4991 1368 5066 hie
1396 4992 1606 5066 exciderunt.
