3900 5762
758 541 912 643 „¹23-

139 770 175 837 et
203 756 397 838 Zacharie
430 781 538 864 papo
570 755 707 836 denuo
733 755 904 862 ingressi
937 766 1034 838 sunt
1065 755 1332 838 Pannoniam.
1365 757 1538 840 Transe-

140 891 254 961 untes
286 879 409 984 igitur
439 905 514 986 per
544 906 719 984 regnum
751 878 985 981 Bessorum,
1033 879 1221 960 alborum
1256 877 1543 961 Cumanorum·

140 999 364 1083 Susdaliam
398 1013 439 1082 et
470 1001 680 1082 ciuitatem
713 1001 804 1110 Kyo
837 1001 1104 1103 nominatam,
1123 1000 1272 1082 deiude
1289 1002 1539 1085 transierunt

140 1124 248 1231 alpes
279 1123 321 1204 iu
355 1123 565 1230 quandam
597 1124 855 1231 prouinciam
887 1123 960 1207 ubi
992 1122 1185 1205 viderunt
1224 1123 1383 1230 aquilas
1416 1125 1538 1206 innu-

141 1247 364 1348 merabiles,
398 1259 439 1327 et
470 1244 526 1328 ibi
558 1259 739 1353 propter.
756 1245 915 1353 aquilas
947 1246 1037 1328 illas
1070 1271 1237 1326 manere
1275 1273 1358 1327 uon
1390 1259 1537 1354 potue·

141 1383 240 1470 runt,
284 1368 383 1476 quia
424 1367 476 1449 de
518 1368 732 1451 arboribus
774 1381 989 1475 tamquam
1038 1395 1180 1450 musce
1230 1369 1539 1450 descendebant

140 1490 271 1598 aquile
304 1503 347 1571 et
377 1491 726 1573 consummebant
741 1491 979 1572 deuorando
997 1516 1147 1597 pecora
1164 1517 1307 1571 eorum
1326 1503 1366 1571 et
1384 1517 1536 1598 equ0s3

139 1613 298 1695 volebat
330 1614 440 1694 enim
484 1612 587 1694 deus
620 1626 667 1695 ut
703 1613 822 1695 citius
863 1612 1163 1695 descenderent
1196 1612 1236 1693 in
1268 1611 1536 1720 Hungariam.

139 1734 293 1816 Exinde
327 1745 487 1817 montes
520 1735 779 1818 descendunt
810 1762 885 1842 per
915 1748 997 1818 tres
1031 1761 1208 1835 menses,
1237 1748 1278 1816 et
1309 1735 1539 1818 deueniunt

141 1858 176 1937 in
208 1857 430 1940 confinium
463 1857 579 1962 regni
610 1856 832 1962 Hungarie,
851 1857 1008 1938 scilicet
1032 1857 1071 1937 in
1091 1856 1261 1960 Erdelw,
1279 1857 1420 1940 inuitis
1437 1886 1536 1964 geu·

140 1981 243 2062 tibus
286 1980 534 2062 memoratis.
580 1980 725 2088 ibique
766 1980 909 2062 terreis
942 1979 1084 2062 castris
1116 1992 1277 2088 septem
1310 1981 1537 2088 preparatis

141 2128 208 2208 pro
239 2103 334 2212 (23)
367 2103 567 2184 uxoribus
601 2116 642 2182 et
673 2104 797 2185 rebus
829 2102 913 2185 suis
947 2102 1252 2204 conseruandiS,
1280 2102 1537 2209 aliquamdiu

141 2237 458 2331 permanserunt.
504 2223 764 2332 Quapropter
805 2223 1003 2306 teutonici
1045 2236 1204 2331 partem
1237 2224 1350 2306 illam
1382 2225 1532 2306 abillo

141 2347 201 2428 die
230 2344 434 2453 Simburg,
467 2347 600 2429 idest
633 2360 793 2455 septem
827 2358 959 2430 castra
991 2359 1258 2430 uocauerunt.

394 2645 483 2728 XII.
519 2641 588 2721 De
615 2645 792 2745 septem
819 2640 1074 2744 capitaneis
1100 2640 1274 2722 electis.

285 2887 477 2997 Cumque
509 2890 551 2971 in
584 2890 740 2972 eisdem
773 2890 915 2973 castris
941 2903 1243 2997 permanerent,
1262 2891 1534 2999 irruptionem

141 3008 453 3120 circumquaque
486 3012 709 3094 iacentium
728 3012 989 3093 dominorum
1007 3012 1287 3116 formidantes,
1305 3013 1532 3096 deliberato

141 3135 337 3215 communi
372 3134 553 3238 consili0,
587 3147 749 3242 septem
783 3135 1020 3242 capitaneos
1054 3134 1159 3214 inter
1190 3162 1234 3217 se
1257 3136 1530 3242 prefecerunt,

141 3267 175 3333 ct
201 3254 240 3335 in
273 3271 431 3364 septem
466 3256 674 3338 exercitus
706 3269 803 3339 sunt
820 3257 952 3359 diuisi,
971 3256 1027 3337 ita
1043 3269 1091 3339 ut
1106 3257 1395 3364 unusquisque
1414 3283 1532 3338 exer-

142 3375 233 3460 citus
264 3407 396 3460 uuum
428 3380 599 3460 haberet
632 3380 908 3487 capitaneum,
942 3379 1029 3461 sine
1064 3379 1375 3461 centurionibus
1401 3379 1532 3459 etde·

141 3499 240 3580 canis
272 3515 469 3584 consueto
502 3502 625 3582 modo
659 3501 857 3608 positiuis.
883 3499 1000 3583 Vnus
1033 3527 1216 3608 namque
1234 3501 1441 3583 exercitus
1458 3501 1530 3582 ba-

140 3619 252 3703 bebat
283 3623 358 3704 tria
389 3623 503 3705 milia
533 3623 715 3705 virorum
748 3636 1000 3706 armatorum
1033 3623 1121 3705 sine
1155 3634 1324 3704 centum
1340 3623 1448 3704 viris.
1466 3623 1530 3704 Ex

141 3755 294 3826 centum
337 3746 478 3853 itaque
519 3745 710 3828 tribubus
750 3758 791 3827 et
836 3758 940 3850 octo,
974 3744 1016 3827 in
1060 3745 1244 3828 secundo
1278 3772 1445 3851 egressu
1478 3745 1529 3826 de

142 3861 263 3972 Scytia
303 3867 353 3948 de
397 3867 583 3975 qualibet
622 3868 733 3949 tribu
775 3867 857 3950 duo
899 3868 1013 3948 milia
1052 3867 1234 3950 virorum
1277 3879 1529 3950 armatorum

143 3999 226 4067 sunt
255 3989 416 4097 egressi,
448 3991 712 4073 familiarium
744 4016 918 4072 numero
951 4016 1034 4071 non
1067 3991 1270 4099 apposito.

502 4305 612 4388 Xlll.
645 4301 828 4382 Primus
855 4301 1138 4405 capitaneus.

280 4549 431 4632 Fuerat
461 4565 602 4633 autem
636 4578 689 4633 ex
722 4550 809 4633 istis
842 4550 1068 4658 capitaneis
1090 4549 1218 4631 dicier
1243 4564 1284 4631 et
1315 4551 1529 4659 potencior

146 4665 265 4774 ⁴lrpad
296 4671 405 4755 filius
438 4673 598 4775 Almus
630 4672 701 4754 filii
733 4672 864 4754 Elevd
895 4672 968 4754 filii
1000 4673 1126 4779 Vgeg.
1145 4671 1277 4756 Huius
1295 4685 1433 4754 autem
1453 4699 1526 4781 pa·

144 4795 194 4866 ter
222 4792 366 4877 Almus
398 4795 439 4876 iu
473 4796 603 4903 patria
642 4795 802 4876 Erdelw
838 4796 998 4879 occisus
1031 4808 1104 4899 est,
1131 4821 1214 4877 non
1249 4794 1360 4876 enim
1391 4795 1527 4902 potuit

144 4905 178 4988 in
205 4909 451 5000 Pannoniam
482 4919 659 5000 introire.
692 4918 739 4999 ln
771 4917 931 4999 Erdelw
962 4917 1084 5025 igitur
1116 4917 1375 5026 quieueruut,
1394 4929 1436 4998 et
1451 4943 1525 5024 pe·

145 5055 224 5120 cora
252 5065 325 5126 sua
363 5053 665 5128 recreauerunt.
706 5040 935 5126 Audientes
978 5053 1118 5125 autem
1158 5053 1264 5124 terre
1304 5039 1524 5125 utilitatem
