1190 1585
533 203 566 221 1³9

206 284 305 305 XXXVI.
321 283 406 310 Pugna
419 283 571 335 metiar-egb
584 282 696 310 fltephanl
709 285 791 305 eontra
804 282 885 310 ῦιιφιιι

514 320 587 335 noem.

273 363 321 390 (39)
337 363 425 384 Sanetus
446 360 516 384 autem
532 370 569 384 rex
585 363 703 390 Stephanus
724 364 765 384 iam
781 364 862 391 pridem
877 364 899 384 in

190 393 333 414 adolescentia
349 401 388 415 sua
404 397 475 415 eontra
491 394 564 421 Cupan
581 394 656 414 ducem
672 394 746 415 fortem
758 397 779 415 et
791 397 898 421 potentem

190 425 256 451 gessit
277 424 355 445 bellum
380 425 498 451 gloriosum.
519 424 568 445 Erat
588 428 658 445 autem
680 425 753 452 Cupan
774 425 828 446 filius
845 425 899 445 calui

189 455 274 482 Zyrind,
291 455 325 482 qui
343 455 404 476 etiam
422 455 505 476 viuente
522 455 607 483 Geyeha
626 455 680 475 duee
697 459 755 482 patre
772 455 837 476 saneti
853 455 898 476 Ste-

191 485 258 513 phani
274 486 327 512 regis
343 486 443 506 ducatum
459 486 550 506 tenebat.
567 485 648 506 Mortuo
664 489 735 507 autem
751 486 837 513 Geyeha
845 486 898 507 duce

189 516 266 543 Cupan
284 516 349 537 voluit
366 520 451 537 matrem
468 516 533 537 sancti
549 516 649 543 Stephani
665 517 717 543 regis
734 516 773 537 sibi
787 523 824 543 per
832 516 899 537 inces-

189 551 276 567 tuosum
294 547 392 574 copulare
408 547 543 573 connubium,
560 550 581 567 et
597 550 692 568 sanetum
703 546 832 574 Stephanum
844 547 898 568 occi-

190 577 248 603 dere,
271 578 412 604 ducammque
429 578 473 598 eius
490 584 527 598 sue
543 577 632 599 subdere
649 578 751 604 potestati.
776 577 815 598 Hie
830 578 899 598 suerat

189 608 235 629 dux
253 607 391 635 Symigieusis.
410 608 498 629 Sanetus
514 612 584 628 autem
593 608 711 635 Stephanus
724 608 843 629 conuocatis
851 615 898 635 pro-

192 639 277 659 ceribus
293 639 341 664 suis,
358 646 395 666 per
411 639 551 660 inter-uentum
568 639 681 659 beatissimi
695 638 777 659 Martini
793 639 898 659 confesso-

190 669 218 690 ris
241 669 311 689 ‹liuine
332 669 470 690 misericordie
492 669 611 696 implorauit
630 669 739 690 auxilium.
763 669 898 690 Postmodum

190 707 241 720 vero
263 704 386 726 congregato
408 700 508 726 exercitu,
528 700 620 727 perrexit
640 700 725 720 obuiam
746 699 799 721 hosti
815 706 859 725 suo,
877 703 898 720 et

190 731 216 751 ad
235 737 318 751 amnem
335 730 403 751 Goron
421 730 516 757 primitus
532 730 637 751 accinctus
654 734 685 751 est
701 730 774 757 gladio,
791 730 862 757 ibique
871 730 897 751 ad

189 761 307 781 custodiam
329 761 440 788 corporalis
461 761 533 781 salutis
553 767 591 782 sue
612 761 664 781 duos
682 761 786 788 principes
802 760 861 782 Hunt
877 764 898 781 et

189 791 271 812 Paznan
294 792 406 812 constituit.
426 791 501 813 Tocius
522 795 591 812 autem
614 791 717 812 exercitus
734 791 765 812 sui
781 791 897 819 principem

190 826 210 843 et
228 822 335 843 duetorem
352 821 505 849 Veneilinum')
522 822 625 849 hospitem
638 822 757 843 alamanum
766 829 842 849 genere
850 828 897 849 pre-

189 853 245 873 fecit.
262 852 378 873 Commisso
394 853 464 880 itaque
481 853 545 880 prelio
562 853 615 873 inter
631 856 743 880 utmmque
759 852 795 873 diu
811 856 832 873 et
839 852 896 873 forti-

189 888 222 904 ter
238 887 269 904 est
284 883 416 908 di1nieatu1n3
435 883 470 904 sed
489 883 559 904 diuiue
576 883 713 904 miserationis
729 883 807 903 auxilio
823 883 897 903 beatus

189 914 308 941 Stephanus
325 914 368 934 dux
385 914 493 940 gloriosam
510 914 599 934 obtinuit
611 914 725 934 victoriam.
734 913 758 933 In
766 913 839 933 eodem
849 920 896 940 pre-

190 944 218 965 lio
235 943 376 971 vendimus&
393 951 463 965 eomes
480 944 581 965 interfecit
602 944 675 971 Cupan
691 945 772 969 ducem,
789 947 809 964 et
825 943 895 970 largis-

190 975 248 996 simis
264 975 370 996 benefieiis
387 982 398 995 a
415 976 476 996 beato
492 975 597 1002 Stephano
613 978 663 995 tune
682 975 735 995 duce
751 978 896 995 remuneratus

191 1009 227 1026 est.
244 1006 315 1033 Ipsum
332 1012 381 1026 vero
398 1005 471 1032 Cupan
488 1006 561 1026 beatus
570 1005 688 1032 Stephanus
700 1005 721 1025 in
731 1008 819 1032 quatuor
827 1008 896 1032 partes

190 1037 238 1057 fecit
254 1037 351 1057 mactari:
362 1036 448 1063 primam
466 1039 545 1063 partem
563 1036 618 1057 misit
636 1036 656 1056 in
673 1040 753 1063 portam
770 1035 895 1062 Strigonien-

190 1074 240 1092 sem,
257 1067 371 1087 secundam
388 1067 408 1087 in
425 1066 607 1094 vesprimiensem,
623 1067 704 1087 tertiam
720 1067 741 1087 in
757 1066 894 1092 dauriellsein,

191 1101 285 1124 quartam
308 1098 327 1118 in
349 1097 435 1118 Erdelw.
457 1097 534 1118 Beatus
556 1097 611 1117 enim
628 1097 745 1124 Stephanus
761 1097 805 1117 dux
821 1100 893 1117 votum

191 1128 246 1155 quod
263 1132 312 1148 tunc
329 1131 415 1149 vouerat
431 1128 470 1148 deo
486 1128 574 1149 fideliter
589 1128 682 1148 reddidit.
703 1127 756 1148 Nam
772 1127 893 1148 uniueisum

189 1159 290 1186 populum
306 1159 327 1179 in
344 1158 450 1185 prouincia
466 1158 540 1185 Cupan
556 1158 615 1179 ducis
631 1159 740 1185 degentem
761 1158 853 1179 decimas
869 1158 893 1179 li-

189 1189 292 1214 berorum,
308 1190 391 1215 ii’ugum
408 1196 432 1209 ae
448 1195 547 1216 pecorum
564 1195 649 1210 suorum
666 1189 753 1210 cenobio
764 1189 829 1209 sancti
839 1189 892 1209 Mar-

189 1220 224 1241 tini
240 1220 290 1240 dare
306 1223 407 1247 perpetuo
424 1219 467 1240 iure
483 1219 581 1240 decreuit.
597 1220 703 1240 Predictus
719 1223 789 1241 autem
803 1220 891 1241 Vencel-

190 1250 242 1271 linus
264 1250 335 1277 genuit
356 1250 413 1275 Radi‚
435 1250 485 1270 Radi
506 1256 555 1270 vero
575 1250 647 1277 genuit
666 1250 736 1277 Misce,
757 1250 821 1271 Misca
842 1257 891 1272 vero

189 1281 260 1308 genuit
275 1281 349 1308 Cupan
366 1285 386 1301 et
402 1281 519 1301 Martinum.

243 1333 256 1356 ¹)
270 1332 390 1352 Venoellinum
404 1333 423 1351 T.
439 1330 453 1358 ¹)
467 1332 547 1352 Weliuus
561 1333 597 1352 cod.
