3896 5758
774 505 929 608 Q

404 840 628 924 LXXXVI.
661 837 905 920 firmanus
931 840 1119 943 legatus
1144 840 1300 922 intrat

306 1068 412 1150 Hine
446 1069 614 1177 insuper
646 1083 787 1152 eontra
820 1099 927 1176 eum,
962 1073 1032 1180 qui
1066 1073 1281 1155 ournanioe
1314 1086 1356 1154 et
1379 1100 1462 1156 non
1485 1103 1552 1157 aa·

151 1191 300 1273 tholioe
334 1193 657 1274 conuersabatur
688 1192 901 1302 Philippus
933 1195 1150 1277 Firmanus
1188 1195 1296 1278 sedis
1330 1197 1553 1302 apostolice

151 1316 309 1420 legatus
342 1313 522 1416 aduenit,
556 1314 627 1421 qui
659 1314 809 1398 barbas
826 1317 979 1420 radere,
1000 1318 1132 1400 crines
1150 1317 1393 1400 detruncare
1412 1333 1554 1403 contra

152 1462 284 1518 mores
326 1435 581 1542 hungaricos,
625 1449 667 1516 et
697 1437 827 1544 pileos
869 1439 1119 1542 eumanieOS,
1168 1467 1345 1546 quorum
1377 1467 1479 1523 usus
1510 1441 1553 1523 in

150 1558 347 1664 hungaria
379 1557 458 1638 iam
494 1559 533 1638 in
568 1560 866 1641 consuetudine
908 1561 1149 1665 habebatur,
1184 1563 1346 1644 abicere
1379 1562 1552 1646 deman·

150 1681 283 1762 dabat.
318 1679 471 1786 Regem
504 1679 626 1761 etiam
661 1681 932 1764 anathematis
964 1684 1133 1765 uinculo
1166 1684 1328 1787 feriens,
1347 1697 1395 1766 ut
1425 1711 1551 1793 paga·

149 1829 220 1885 nos
253 1801 394 1901 odiret,
430 1802 553 1884 ritum
588 1802 900 1884 christianorum
934 1805 1130 1912 diligeret,
1166 1818 1206 1886 et
1238 1805 1355 1888 thoro
1388 1807 1551 1891 uiueret

149 1924 362 2030 coniugali.
398 1922 478 2006 Sed
511 1924 636 2006 niohil
669 1925 709 2006 in
743 1952 837 2032 rege
869 1928 1087 2034 proficiens
1119 1928 1368 2036 repatriauit.

364 2165 610 2250 LXXXVII.
642 2163 743 2246 Rex
769 2165 1019 2248 Ladizlaut
1045 2166 1329 2249 inter-fluitur.

300 2396 396 2478 Post
427 2395 504 2476 heo
536 2395 578 2476 in
611 2397 727 2478 breui
761 2397 847 2505 ipse
880 2425 955 2479 rex
988 2424 1096 2480 anno
1129 2399 1284 2480 domini
1317 2397 1549 2483 dccxc-0

143 2517 243 2600 feria
275 2519 458 2600 secunda
490 2518 681 2627 proxima
713 2537 807 2600 ante
840 2521 991 2604 festum
1026 2533 1166 2602 sanate
1194 2519 1549 2627 Margaretheuir·

144 2641 248 2738 ginis
281 2653 321 2720 et
353 2639 540 2748 martyris
573 2666 701 2748 prope
735 2656 912 2724 eastum]
955 2642 1157 2748 llereszeg
1188 2645 1241 2725 ab
1274 2643 1372 2753 ipsis
1406 2670 1547 2726 cuma-

146 2762 205 2844 nis
239 2762 391 2870 quibus
423 2760 639 2844 adheserat
672 2777 734 2846 est
765 2765 1051 2846 miserabiliter
1072 2765 1323 2848 interfectus
1343 2764 1547 2874 Tempore

147 2884 254 2965 enim
288 2885 404 2968 istius
436 2885 542 2990 regis
574 2883 750 2967 Ladizlai
783 2887 892 2992 repit
927 2887 1131 2992 llungaria
1166 2914 1188 2967 a
1222 2914 1295 2969 sua
1331 2888 1548 2994 magnifica

146 3008 270 3112 gloria
303 3005 467 3108 reflecti,
501 3020 547 3088 ut
580 3034 699 3090 casus
731 3007 889 3090 flebiles
923 3021 963 3089 et
997 3022 1172 3090 euentus
1210 3009 1377 3092 inferius
1411 3024 1548 3092 osten·

147 3129 254 3210 dent.
289 3128 499 3237 Ceperunt
530 3155 711 3236 namque
744 3131 782 3211 in
819 3157 867 3211 ea
901 3130 1130 3238 (in)testina
1163 3131 1272 3212 bella
1319 3132 1547 3240 conll30)·

147 3278 322 3357 surgere,
356 3251 543 3333 ciuitates
578 3253 787 3358 confringi,
822 3252 916 3334 ville
958 3281 1032 3360 per
1075 3252 1368 3336 conbustiones
1400 3253 1453 3335 ad
1485 3255 1546 3335 ni·

148 3373 297 3456 chilum
331 3373 470 3480 redigi,
503 3399 586 3481 pax
622 3386 662 3453 et
694 3374 912 3456 concordia
944 3377 1109 3482 penitus
1136 3374 1380 3479 conculcari,
1398 3375 1547 3458 diuites

148 3495 332 3596 deficere,
366 3509 408 3576 et
437 3495 598 3577 nobiles
645 3497 829 3578 rusticari
870 3524 943 3606 pre
986 3498 1124 3605 inopia
1166 3497 1431 3605 paupertatis.
1471 3497 1546 3580 Illo

149 3630 332 3725 tempore
364 3617 470 3723 biga,
504 3616 661 3698 scilieet
685 3619 859 3700 duamm
894 3634 1073 3702 rotatum
1108 3619 1347 3702 uehiculum
1376 3645 1401 3700 a
1432 3619 1546 3726 regni

149 3739 298 3843 incolis,
332 3767 475 3822 eunus
508 3739 613 3845 regis
645 3740 822 3822 Ladizlai
854 3741 1095 3843 ducebatur,
1129 3742 1224 3849 quia
1258 3752 1425 3851 propter
1448 3767 1546 3823 oon·

150 3860 258 3944 tinua
291 3860 422 3969 spolia
455 3860 646 3942 animalia
668 3862 862 3945 uehicula
878 3864 1080 3945 trahentia
1097 3863 1333 3946 defecerant
1349 3864 1390 3945 in
1407 3890 1545 3970 regnu,

148 3983 214 4063 sed
248 3984 437 4066 homines
468 4009 582 4065 more
623 4011 819 4092 pecorum
863 3986 966 4091 bigis
998 3985 1128 4066 iuneti
1160 3987 1273 4068 uiees
1305 3986 1543 4068 animalium

145 4105 450 4213 impendebant.

144 4348 402 4432 LXXXVIlI.
435 4345 540 4426 nux
576 4345 791 4427 Andreas
828 4346 885 4427 de
921 4347 1135 4428 venantis
1173 4348 1220 4428 in
1253 4347 1545 4451 Hungulm

698 4485 989 4588 induoitur.*)

296 4681 391 4762 Post
423 4682 541 4764 ouius
574 4681 678 4787 regis
720 4695 894 4763 mortem
934 4686 1079 4765 eodem
1122 4711 1229 4765 anno
1264 4683 1444 4765 XVIII-o
1477 4683 1542 4764 die

147 4803 327 4885 Andreas
369 4806 456 4885 dux
489 4804 540 4884 de
572 4802 763 4885 Veneriis
807 4819 1035 4888 coronatur.
1085 4806 1163 4904 oui
1206 4805 1374 4887 viueute
1406 4805 1543 4890 adhuc

147 4955 346 4966 Q...

245 5007 279 5103 *)
307 5011 357 5083 De
386 5009 524 5084 Andrea
551 5033 630 5105 rege
659 5011 775 5085 teloio.
806 5011 847 5086 t.
