<?xml version="1.0" encoding="UTF-8"?>
<!DOCTYPE html PUBLIC "-//W3C//DTD XHTML 1.0 Transitional//EN"
    "http://www.w3.org/TR/xhtml1/DTD/xhtml1-transitional.dtd">
<html xmlns="http://www.w3.org/1999/xhtml" xml:lang="en" lang="en">
 <head>
  <title>
</title>
<meta http-equiv="Content-Type" content="text/html;charset=utf-8" />
  <meta name='ocr-system' content='tesseract 3.04.00' />
  <meta name='ocr-capabilities' content='ocr_page ocr_carea ocr_par ocr_line ocrx_word'/>
</head>
<body>
  <div class='ocr_page' id='page_1' title='image "./chronicahungaro00florgoog_0283.png"; bbox 0 0 3898 5752; ppageno 0'>
   <div class='ocr_carea' id='block_1_1' title="bbox 432 831 1647 986">
    <p class='ocr_par' dir='ltr' id='par_1_1' title="bbox 432 831 1647 986">
     <span class='ocr_line' id='line_1_1' title="bbox 432 831 1647 986; baseline -0.043 -55"><span class='ocrx_word' id='word_1_1' title='bbox 432 885 506 970; x_wconf 71' lang='lat'>00</span> <span class='ocrx_word' id='word_1_2' title='bbox 524 883 555 967; x_wconf 63' lang='lat' dir='ltr'>d</span> <span class='ocrx_word' id='word_1_3' title='bbox 569 911 640 969; x_wconf 64' lang='lat' dir='ltr'>u</span> <span class='ocrx_word' id='word_1_4' title='bbox 744 899 817 986; x_wconf 37' lang='lat' dir='ltr'>Cap.</span> <span class='ocrx_word' id='word_1_5' title='bbox 840 902 977 986; x_wconf 81' lang='lat' dir='ltr'>paglin.</span> <span class='ocrx_word' id='word_1_6' title='bbox 1004 831 1112 897; x_wconf 81' lang='lat' dir='ltr'>Editio</span> <span class='ocrx_word' id='word_1_7' title='bbox 1128 831 1340 917; x_wconf 82' lang='lat' dir='ltr'>Sangalleneis</span> <span class='ocrx_word' id='word_1_8' title='bbox 1452 848 1647 904; x_wconf 49' lang='lat' dir='ltr'>samm</span> 
     </span>
    </p>
   </div>
   <div class='ocr_carea' id='block_1_2' title="bbox 260 1160 1728 2625">
    <p class='ocr_par' dir='ltr' id='par_1_2' title="bbox 359 1160 986 1393">
     <span class='ocr_line' id='line_1_2' title="bbox 359 1160 986 1393; baseline -0.013 -43"><span class='ocrx_word' id='word_1_9' title='bbox 359 1273 705 1369; x_wconf 88' lang='lat' dir='ltr'>postistameau·</span> <span class='ocrx_word' id='word_1_10' title='bbox 831 1171 835 1370; x_wconf 55' lang='lat' dir='ltr'><strong><em>l</em></strong></span> <span class='ocrx_word' id='word_1_11' title='bbox 910 1171 914 1393; x_wconf 58' lang='grc' dir='ltr'>Ι</span> <span class='ocrx_word' id='word_1_12' title='bbox 978 1160 986 1372; x_wconf 59' lang='lat' dir='ltr'>i</span> 
     </span>
    </p>

    <p class='ocr_par' dir='ltr' id='par_1_3' title="bbox 405 1374 1424 1467">
     <span class='ocr_line' id='line_1_3' title="bbox 405 1374 1424 1467; baseline -0.004 -14"><span class='ocrx_word' id='word_1_13' title='bbox 405 1401 478 1454; x_wconf 89' lang='lat' dir='ltr'>sam</span> <span class='ocrx_word' id='word_1_14' title='bbox 724 1375 802 1449; x_wconf 89' lang='lat' dir='ltr'>LII.</span> <span class='ocrx_word' id='word_1_15' title='bbox 848 1376 965 1448; x_wconf 82' lang='grc'>4127</span> <span class='ocrx_word' id='word_1_16' title='bbox 995 1374 1190 1467; x_wconf 81' lang='lat' dir='ltr'><strong>postillam</strong></span> <span class='ocrx_word' id='word_1_17' title='bbox 1211 1397 1348 1449; x_wconf 88' lang='lat' dir='ltr'>causam</span> <span class='ocrx_word' id='word_1_18' title='bbox 1375 1378 1424 1450; x_wconf 89' lang='grc'>48</span> 
     </span>
    </p>

    <p class='ocr_par' dir='ltr' id='par_1_4' title="bbox 360 1482 691 1558">
     <span class='ocr_line' id='line_1_4' title="bbox 360 1482 691 1558; baseline -0.018 0"><span class='ocrx_word' id='word_1_19' title='bbox 360 1483 474 1558; x_wconf 80' lang='lat' dir='ltr'>incole</span> <span class='ocrx_word' id='word_1_20' title='bbox 512 1482 549 1556; x_wconf 92' lang='lat' dir='ltr'>in</span> <span class='ocrx_word' id='word_1_21' title='bbox 585 1502 691 1555; x_wconf 91' lang='lat' dir='ltr'>unum</span> 
     </span>
    </p>

    <p class='ocr_par' dir='ltr' id='par_1_5' title="bbox 405 1607 702 1682">
     <span class='ocr_line' id='line_1_5' title="bbox 405 1607 702 1682; baseline -0.03 -18"><span class='ocrx_word' id='word_1_22' title='bbox 405 1609 595 1682; x_wconf 78' lang='lat' dir='ltr'>augmen</span> <span class='ocrx_word' id='word_1_23' title='bbox 623 1607 702 1660; x_wconf 87' lang='lat' dir='ltr'>eon·</span> 
     </span>
    </p>

    <p class='ocr_par' dir='ltr' id='par_1_6' title="bbox 404 1683 1372 1788">
     <span class='ocr_line' id='line_1_6' title="bbox 404 1683 1372 1788; baseline -0.009 -22"><span class='ocrx_word' id='word_1_24' title='bbox 404 1695 572 1788; x_wconf 90' lang='lat' dir='ltr'>globate</span> <span class='ocrx_word' id='word_1_25' title='bbox 723 1683 966 1762; x_wconf 69' lang='grc'>11114211</span> <span class='ocrx_word' id='word_1_26' title='bbox 996 1686 1018 1760; x_wconf 87' lang='lat' dir='ltr'>i.</span> <span class='ocrx_word' id='word_1_27' title='bbox 1051 1710 1085 1760; x_wconf 90' lang='lat' dir='ltr'>u.</span> <span class='ocrx_word' id='word_1_28' title='bbox 1118 1709 1240 1781; x_wconf 82' lang='lat' dir='ltr'>agmen</span> <span class='ocrx_word' id='word_1_29' title='bbox 1269 1708 1372 1761; x_wconf 86' lang='lat' dir='ltr'>eon--</span> 
     </span>
    </p>

    <p class='ocr_par' dir='ltr' id='par_1_7' title="bbox 360 1770 1728 1894">
     <span class='ocr_line' id='line_1_7' title="bbox 360 1770 1728 1894; baseline -0.007 -22"><span class='ocrx_word' id='word_1_30' title='bbox 360 1797 489 1872; x_wconf 78' lang='lat' dir='ltr'>milites</span> <span class='ocrx_word' id='word_1_31' title='bbox 513 1796 613 1869; x_wconf 87' lang='lat' dir='ltr'>Zulte</span> <span class='ocrx_word' id='word_1_32' title='bbox 641 1794 702 1867; x_wconf 89' lang='lat' dir='ltr'>du·</span> <span class='ocrx_word' id='word_1_33' title='bbox 1039 1791 1171 1886; x_wconf 82' lang='lat' dir='ltr'>globati</span> <span class='ocrx_word' id='word_1_34' title='bbox 1376 1793 1425 1865; x_wconf 86' lang='grc'>49</span> <span class='ocrx_word' id='word_1_35' title='bbox 1464 1770 1637 1894; x_wconf 35' lang='lat' dir='ltr'>imbuamur</span> <span class='ocrx_word' id='word_1_36' title='bbox 1677 1798 1728 1868; x_wconf 79' lang='lat'>55</span> 
     </span>
    </p>

    <p class='ocr_par' dir='ltr' id='par_1_8' title="bbox 406 1856 1577 1994">
     <span class='ocr_line' id='line_1_8' title="bbox 406 1856 1577 1994; baseline -0.008 -18"><span class='ocrx_word' id='word_1_37' title='bbox 406 1901 456 1977; x_wconf 88' lang='lat' dir='ltr'>eis</span> <span class='ocrx_word' id='word_1_38' title='bbox 483 1898 665 1994; x_wconf 82' lang='lat' dir='ltr'>hungarie</span> <span class='ocrx_word' id='word_1_39' title='bbox 726 1897 797 1971; x_wconf 85' lang='lat' dir='ltr'>LV.</span> <span class='ocrx_word' id='word_1_40' title='bbox 849 1903 895 1972; x_wconf 81' lang='grc'>13</span> <span class='ocrx_word' id='word_1_41' title='bbox 944 1899 1039 1969; x_wconf 87' lang='lat' dir='ltr'>3m.</span> <span class='ocrx_word' id='word_1_42' title='bbox 1064 1898 1102 1969; x_wconf 84' lang='lat' dir='ltr'>Z.</span> <span class='ocrx_word' id='word_1_43' title='bbox 1123 1897 1156 1970; x_wconf 90' lang='lat' dir='ltr'>d.</span> <span class='ocrx_word' id='word_1_44' title='bbox 1176 1896 1349 1988; x_wconf 90' lang='lat' dir='ltr'>hungaro·</span> <span class='ocrx_word' id='word_1_45' title='bbox 1550 1856 1577 1909; x_wconf 66' lang='lat'>⁸⁶</span> 
     </span>
    </p>

    <p class='ocr_par' dir='ltr' id='par_1_9' title="bbox 360 2000 1427 2096">
     <span class='ocr_line' id='line_1_9' title="bbox 360 2000 1427 2096; baseline -0.007 -15"><span class='ocrx_word' id='word_1_46' title='bbox 360 2000 702 2096; x_wconf 89' lang='lat' dir='ltr'>mensuraminperi-</span> <span class='ocrx_word' id='word_1_47' title='bbox 1040 2023 1115 2073; x_wconf 90' lang='lat' dir='ltr'>rum</span> <span class='ocrx_word' id='word_1_48' title='bbox 1378 2002 1427 2074; x_wconf 81' lang='lat'>50</span> 
     </span>
    </p>

    <p class='ocr_par' dir='ltr' id='par_1_10' title="bbox 260 2103 1350 2197">
     <span class='ocr_line' id='line_1_10' title="bbox 260 2103 1350 2197; baseline -0.01 -10"><span class='ocrx_word' id='word_1_49' title='bbox 260 2109 267 2122; x_wconf 73' lang='grc'><em>”</em></span> <span class='ocrx_word' id='word_1_50' title='bbox 405 2111 532 2186; x_wconf 88' lang='lat' dir='ltr'>eulum</span> <span class='ocrx_word' id='word_1_51' title='bbox 754 2147 797 2157; x_wconf 94' lang='lat'><em>-</em></span> <span class='ocrx_word' id='word_1_52' title='bbox 850 2105 968 2178; x_wconf 89' lang='lat'>-10</span> <span class='ocrx_word' id='word_1_53' title='bbox 995 2126 1153 2178; x_wconf 89' lang='lat' dir='ltr'>mensura</span> <span class='ocrx_word' id='word_1_54' title='bbox 1186 2103 1221 2176; x_wconf 91' lang='lat' dir='ltr'>in</span> <span class='ocrx_word' id='word_1_55' title='bbox 1259 2104 1350 2197; x_wconf 90' lang='lat' dir='ltr'>peri-</span> 
     </span>
    </p>

    <p class='ocr_par' dir='ltr' id='par_1_11' title="bbox 360 2209 1115 2308">
     <span class='ocr_line' id='line_1_11' title="bbox 360 2209 1115 2308; baseline -0.009 -19"><span class='ocrx_word' id='word_1_56' title='bbox 360 2214 703 2308; x_wconf 84' lang='lat' dir='ltr'>finesHungarorum</span> <span class='ocrx_word' id='word_1_57' title='bbox 1040 2209 1115 2282; x_wconf 88' lang='lat' dir='ltr'>eulo</span> 
     </span>
    </p>

    <p class='ocr_par' dir='ltr' id='par_1_12' title="bbox 404 2312 1426 2625">
     <span class='ocr_line' id='line_1_12' title="bbox 404 2312 1333 2406; baseline -0.01 -13"><span class='ocrx_word' id='word_1_58' title='bbox 404 2320 636 2396; x_wconf 84' lang='lat' dir='ltr'>deuastare</span> <span class='ocrx_word' id='word_1_59' title='bbox 722 2315 813 2388; x_wconf 85' lang='lat' dir='ltr'><strong>LVI.</strong></span> <span class='ocrx_word' id='word_1_60' title='bbox 847 2319 896 2388; x_wconf 84' lang='grc'>41</span> <span class='ocrx_word' id='word_1_61' title='bbox 945 2317 966 2387; x_wconf 91' lang='lat'>8</span> <span class='ocrx_word' id='word_1_62' title='bbox 996 2312 1055 2385; x_wconf 89' lang='lat' dir='ltr'>fin.</span> <span class='ocrx_word' id='word_1_63' title='bbox 1089 2314 1333 2406; x_wconf 89' lang='lat' dir='ltr'>Hungarorum</span> 
     </span>
     <span class='ocr_line' id='line_1_13' title="bbox 715 2413 1426 2625; baseline 0.001 -136"><span class='ocrx_word' id='word_1_64' title='bbox 715 2413 724 2625; x_wconf 80' lang='grc' dir='ltr'>Ι</span> <span class='ocrx_word' id='word_1_65' title='bbox 908 2416 916 2624; x_wconf 79' lang='grc' dir='ltr'>Ι</span> <span class='ocrx_word' id='word_1_66' title='bbox 1039 2415 1202 2490; x_wconf 88' lang='lat' dir='ltr'>inuadere</span> <span class='ocrx_word' id='word_1_67' title='bbox 1379 2419 1426 2490; x_wconf 85' lang='lat'>53</span> 
     </span>
    </p>
   </div>
   <div class='ocr_carea' id='block_1_3' title="bbox 1382 2187 1727 2327">
    <p class='ocr_par' dir='ltr' id='par_1_13' title="bbox 1382 2187 1727 2327">
     <span class='ocr_line' id='line_1_14' title="bbox 1382 2187 1727 2284; baseline 0 -43"><span class='ocrx_word' id='word_1_68' title='bbox 1382 2252 1424 2261; x_wconf 65' lang='grc'>-</span> <span class='ocrx_word' id='word_1_69' title='bbox 1461 2187 1637 2270; x_wconf 70' lang='lat' dir='ltr'>mensurando</span> <span class='ocrx_word' id='word_1_70' title='bbox 1677 2211 1727 2284; x_wconf 69' lang='lat'>57</span> 
     </span>
     <span class='ocr_line' id='line_1_15' title="bbox 1500 2273 1581 2327; baseline 0.025 -17"><span class='ocrx_word' id='word_1_71' title='bbox 1500 2273 1581 2327; x_wconf 87' lang='lat' dir='ltr'>perro.</span> 
     </span>
    </p>
   </div>
   <div class='ocr_carea' id='block_1_4' title="bbox 758 3349 1330 3497">
    <p class='ocr_par' dir='ltr' id='par_1_14' title="bbox 758 3349 1330 3497">
     <span class='ocr_line' id='line_1_16' title="bbox 758 3349 1330 3497; baseline 0.005 -10"><span class='ocrx_word' id='word_1_72' title='bbox 758 3349 1330 3497; x_wconf 79' lang='lat' dir='ltr'>nlsuvlslnlo</span> 
     </span>
    </p>
   </div>
   <div class='ocr_carea' id='block_1_5' title="bbox 539 3617 1553 3713">
    <p class='ocr_par' dir='ltr' id='par_1_15' title="bbox 539 3617 1553 3713">
     <span class='ocr_line' id='line_1_17' title="bbox 539 3617 1553 3713; baseline -0.002 -18"><span class='ocrx_word' id='word_1_73' title='bbox 539 3622 589 3695; x_wconf 91' lang='lat' dir='ltr'>de</span> <span class='ocrx_word' id='word_1_74' title='bbox 616 3623 772 3694; x_wconf 91' lang='lat' dir='ltr'>aetate</span> <span class='ocrx_word' id='word_1_75' title='bbox 800 3617 1020 3713; x_wconf 79' lang='lat' dir='ltr'>Anonymi</span> <span class='ocrx_word' id='word_1_76' title='bbox 1047 3619 1179 3693; x_wconf 88' lang='lat' dir='ltr'>Belae</span> <span class='ocrx_word' id='word_1_77' title='bbox 1207 3617 1333 3712; x_wconf 90' lang='lat' dir='ltr'>regis</span> <span class='ocrx_word' id='word_1_78' title='bbox 1361 3617 1553 3694; x_wconf 89' lang='lat' dir='ltr'>notarii.</span> 
     </span>
    </p>
   </div>
   <div class='ocr_carea' id='block_1_6' title="bbox 341 3843 1759 4796">
    <p class='ocr_par' dir='ltr' id='par_1_16' title="bbox 341 3843 1757 4293">
     <span class='ocr_line' id='line_1_18' title="bbox 497 3843 1752 3942; baseline -0.003 -19"><span class='ocrx_word' id='word_1_79' title='bbox 497 3849 551 3924; x_wconf 82' lang='lat' dir='ltr'>Ex</span> <span class='ocrx_word' id='word_1_80' title='bbox 579 3869 643 3942; x_wconf 94' lang='lat' dir='ltr'>quo</span> <span class='ocrx_word' id='word_1_81' title='bbox 671 3849 823 3938; x_wconf 85' lang='lat' dir='ltr'>tempore</span> <span class='ocrx_word' id='word_1_82' title='bbox 851 3865 937 3936; x_wconf 90' lang='lat' dir='ltr'>opus</span> <span class='ocrx_word' id='word_1_83' title='bbox 964 3845 1068 3918; x_wconf 92' lang='lat' dir='ltr'>Belae</span> <span class='ocrx_word' id='word_1_84' title='bbox 1096 3845 1188 3939; x_wconf 89' lang='lat' dir='ltr'>regis</span> <span class='ocrx_word' id='word_1_85' title='bbox 1216 3844 1342 3919; x_wconf 89' lang='lat' dir='ltr'>notarii</span> <span class='ocrx_word' id='word_1_86' title='bbox 1369 3868 1390 3919; x_wconf 90' lang='lat' dir='ltr'>a</span> <span class='ocrx_word' id='word_1_87' title='bbox 1417 3846 1568 3920; x_wconf 84' lang='lat' dir='ltr'>Iohanne</span> <span class='ocrx_word' id='word_1_88' title='bbox 1595 3843 1752 3940; x_wconf 75' lang='lat' dir='ltr'>Georgio</span> 
     </span>
     <span class='ocr_line' id='line_1_19' title="bbox 342 3963 1757 4062; baseline -0.006 -14"><span class='ocrx_word' id='word_1_89' title='bbox 342 3972 606 4048; x_wconf 84' lang='lat' dir='ltr'>Schwandtnero</span> <span class='ocrx_word' id='word_1_90' title='bbox 633 3968 725 4041; x_wconf 90' lang='lat' dir='ltr'>inter</span> <span class='ocrx_word' id='word_1_91' title='bbox 752 3964 940 4059; x_wconf 79' lang='lat' dir='ltr'>scriptores</span> <span class='ocrx_word' id='word_1_92' title='bbox 955 3989 1068 4039; x_wconf 89' lang='lat' dir='ltr'>rernm</span> <span class='ocrx_word' id='word_1_93' title='bbox 1088 3966 1353 4062; x_wconf 85' lang='lat' dir='ltr'>hungaricarum</span> <span class='ocrx_word' id='word_1_94' title='bbox 1379 3967 1509 4041; x_wconf 90' lang='lat' dir='ltr'>editum</span> <span class='ocrx_word' id='word_1_95' title='bbox 1528 3963 1641 4058; x_wconf 83' lang='lat' dir='ltr'>fuit‚²)</span> <span class='ocrx_word' id='word_1_96' title='bbox 1656 3988 1757 4040; x_wconf 88' lang='lat' dir='ltr'>eom·</span> 
     </span>
     <span class='ocr_line' id='line_1_20' title="bbox 341 4086 1756 4192; baseline -0.007 -23"><span class='ocrx_word' id='word_1_97' title='bbox 341 4097 458 4192; x_wconf 87' lang='lat' dir='ltr'>plures</span> <span class='ocrx_word' id='word_1_98' title='bbox 485 4115 554 4167; x_wconf 94' lang='lat' dir='ltr'>non</span> <span class='ocrx_word' id='word_1_99' title='bbox 581 4089 734 4185; x_wconf 85' lang='lat' dir='ltr'>vulgaris</span> <span class='ocrx_word' id='word_1_100' title='bbox 763 4086 966 4162; x_wconf 89' lang='lat' dir='ltr'>eruditionis</span> <span class='ocrx_word' id='word_1_101' title='bbox 994 4089 1059 4162; x_wconf 85' lang='lat' dir='ltr'>riri</span> <span class='ocrx_word' id='word_1_102' title='bbox 1088 4111 1210 4184; x_wconf 91' lang='lat' dir='ltr'>magno</span> <span class='ocrx_word' id='word_1_103' title='bbox 1226 4088 1339 4162; x_wconf 87' lang='lat' dir='ltr'>studio</span> <span class='ocrx_word' id='word_1_104' title='bbox 1367 4087 1405 4161; x_wconf 92' lang='lat' dir='ltr'>in</span> <span class='ocrx_word' id='word_1_105' title='bbox 1423 4087 1617 4164; x_wconf 88' lang='lat' dir='ltr'>delinienda</span> <span class='ocrx_word' id='word_1_106' title='bbox 1635 4087 1756 4183; x_wconf 84' lang='lat' dir='ltr'>serip-</span> 
     </span>
     <span class='ocr_line' id='line_1_21' title="bbox 342 4211 943 4293; baseline -0.013 -2"><span class='ocrx_word' id='word_1_107' title='bbox 342 4215 427 4293; x_wconf 90' lang='lat' dir='ltr'>toris</span> <span class='ocrx_word' id='word_1_108' title='bbox 454 4213 556 4289; x_wconf 88' lang='lat' dir='ltr'>huius</span> <span class='ocrx_word' id='word_1_109' title='bbox 584 4215 696 4288; x_wconf 87' lang='lat' dir='ltr'>aetate</span> <span class='ocrx_word' id='word_1_110' title='bbox 724 4211 943 4284; x_wconf 87' lang='lat' dir='ltr'>desudarunt.</span> 
     </span>
    </p>

    <p class='ocr_par' dir='ltr' id='par_1_17' title="bbox 342 4331 1759 4796">
     <span class='ocr_line' id='line_1_22' title="bbox 498 4331 1754 4432; baseline -0.003 -22"><span class='ocrx_word' id='word_1_111' title='bbox 498 4335 650 4432; x_wconf 77' lang='lat' dir='ltr'>Quatuor</span> <span class='ocrx_word' id='word_1_112' title='bbox 677 4335 761 4408; x_wconf 82' lang='lat' dir='ltr'>Belo</span> <span class='ocrx_word' id='word_1_113' title='bbox 788 4331 953 4407; x_wconf 90' lang='lat' dir='ltr'>nominati</span> <span class='ocrx_word' id='word_1_114' title='bbox 983 4354 1081 4427; x_wconf 88' lang='lat' dir='ltr'>reges</span> <span class='ocrx_word' id='word_1_115' title='bbox 1109 4335 1151 4407; x_wconf 87' lang='lat' dir='ltr'>ab</span> <span class='ocrx_word' id='word_1_116' title='bbox 1180 4355 1268 4406; x_wconf 88' lang='lat' dir='ltr'>anno</span> <span class='ocrx_word' id='word_1_117' title='bbox 1300 4331 1412 4421; x_wconf 81' lang='lat'>1060,</span> <span class='ocrx_word' id='word_1_118' title='bbox 1441 4332 1485 4406; x_wconf 86' lang='lat' dir='ltr'>ad</span> <span class='ocrx_word' id='word_1_119' title='bbox 1503 4353 1629 4406; x_wconf 87' lang='lat' dir='ltr'>annum</span> <span class='ocrx_word' id='word_1_120' title='bbox 1648 4331 1754 4406; x_wconf 83' lang='grc'>1270</span> 
     </span>
     <span class='ocr_line' id='line_1_23' title="bbox 342 4452 1755 4553; baseline -0.006 -18"><span class='ocrx_word' id='word_1_121' title='bbox 342 4483 415 4535; x_wconf 90' lang='lat' dir='ltr'>rem</span> <span class='ocrx_word' id='word_1_122' title='bbox 442 4457 614 4553; x_wconf 78' lang='lat' dir='ltr'>publicam</span> <span class='ocrx_word' id='word_1_123' title='bbox 641 4455 863 4549; x_wconf 84' lang='lat' dir='ltr'>hungaricam</span> <span class='ocrx_word' id='word_1_124' title='bbox 890 4456 1136 4547; x_wconf 88' lang='lat' dir='ltr'>gubernarunt.</span> <span class='ocrx_word' id='word_1_125' title='bbox 1153 4453 1228 4527; x_wconf 87' lang='lat' dir='ltr'>Viri</span> <span class='ocrx_word' id='word_1_126' title='bbox 1257 4452 1628 4527; x_wconf 88' lang='lat' dir='ltr'>doetihorumnullum</span> <span class='ocrx_word' id='word_1_127' title='bbox 1648 4473 1755 4544; x_wconf 86' lang='lat' dir='ltr'>prae·</span> 
     </span>
     <span class='ocr_line' id='line_1_24' title="bbox 344 4572 1759 4669; baseline -0.004 -13"><span class='ocrx_word' id='word_1_128' title='bbox 344 4581 586 4667; x_wconf 90' lang='lat' dir='ltr'>termiserunt;</span> <span class='ocrx_word' id='word_1_129' title='bbox 616 4581 650 4651; x_wconf 88' lang='lat' dir='ltr'>et</span> <span class='ocrx_word' id='word_1_130' title='bbox 677 4576 869 4650; x_wconf 89' lang='lat' dir='ltr'>rationibus</span> <span class='ocrx_word' id='word_1_131' title='bbox 897 4575 1024 4669; x_wconf 88' lang='lat' dir='ltr'>partim</span> <span class='ocrx_word' id='word_1_132' title='bbox 1051 4599 1094 4650; x_wconf 87' lang='lat' dir='ltr'>ex</span> <span class='ocrx_word' id='word_1_133' title='bbox 1122 4575 1198 4669; x_wconf 89' lang='lat' dir='ltr'>ipso</span> <span class='ocrx_word' id='word_1_134' title='bbox 1227 4574 1352 4665; x_wconf 84' lang='lat' dir='ltr'>codiee,</span> <span class='ocrx_word' id='word_1_135' title='bbox 1382 4573 1510 4668; x_wconf 82' lang='lat' dir='ltr'>partim</span> <span class='ocrx_word' id='word_1_136' title='bbox 1534 4595 1577 4648; x_wconf 84' lang='lat' dir='ltr'>ex</span> <span class='ocrx_word' id='word_1_137' title='bbox 1604 4572 1759 4650; x_wconf 86' lang='lat' dir='ltr'>historia</span> 
     </span>
     <span class='ocr_line' id='line_1_25' title="bbox 345 4693 1757 4796; baseline -0.005 -19"><span class='ocrx_word' id='word_1_138' title='bbox 345 4707 380 4778; x_wconf 93' lang='lat' dir='ltr'>et</span> <span class='ocrx_word' id='word_1_139' title='bbox 406 4699 644 4796; x_wconf 87' lang='lat' dir='ltr'>arehaeologia</span> <span class='ocrx_word' id='word_1_140' title='bbox 680 4697 878 4792; x_wconf 66' lang='lat' dir='ltr'>depromta,</span> <span class='ocrx_word' id='word_1_141' title='bbox 917 4701 1091 4772; x_wconf 79' lang='lat' dir='ltr'>auctorem</span> <span class='ocrx_word' id='word_1_142' title='bbox 1128 4695 1338 4788; x_wconf 82' lang='lat' dir='ltr'>lannoius,</span> <span class='ocrx_word' id='word_1_143' title='bbox 1376 4694 1445 4770; x_wconf 89' lang='lat' dir='ltr'>iam</span> <span class='ocrx_word' id='word_1_144' title='bbox 1476 4693 1622 4770; x_wconf 88' lang='lat' dir='ltr'>alterius</span> <span class='ocrx_word' id='word_1_145' title='bbox 1651 4699 1757 4770; x_wconf 82' lang='lat' dir='ltr'>nota·</span> 
     </span>
    </p>
   </div>
   <div class='ocr_carea' id='block_1_7' title="bbox 346 4891 553 4904">
    <p class='ocr_par' dir='ltr' id='par_1_18' title="bbox 346 4891 553 4904">
     <span class='ocr_line' id='line_1_26' title="bbox 346 4891 553 4904; baseline -0.019 0"><span class='ocrx_word' id='word_1_146' title='bbox 346 4891 553 4904; x_wconf 66' lang='lat'><em>..——-———</em></span> 
     </span>
    </p>
   </div>
   <div class='ocr_carea' id='block_1_8' title="bbox 454 4991 761 5084">
    <p class='ocr_par' dir='ltr' id='par_1_19' title="bbox 454 4991 761 5084">
     <span class='ocr_line' id='line_1_27' title="bbox 454 4991 761 5084; baseline -0.01 -23"><span class='ocrx_word' id='word_1_147' title='bbox 454 4993 479 5084; x_wconf 90' lang='lat'>¹)</span> <span class='ocrx_word' id='word_1_148' title='bbox 503 4991 642 5060; x_wconf 88' lang='lat' dir='ltr'>Viennae</span> <span class='ocrx_word' id='word_1_149' title='bbox 668 4991 761 5058; x_wconf 81' lang='grc'>1746.</span> 
     </span>
    </p>
   </div>
   <div class='ocr_carea' id='block_1_9' title="bbox 0 0 1970 5748">
    <p class='ocr_par' dir='ltr' id='par_1_20' title="bbox 0 0 1970 5748">
     <span class='ocr_line' id='line_1_28' title="bbox 0 0 1970 5748; baseline 0 0"><span class='ocrx_word' id='word_1_150' title='bbox 0 0 1970 5748; x_wconf 95' lang='lat' dir='ltr'> </span> 
     </span>
    </p>
   </div>
  </div>
 </body>
</html>
