1190 1585
634 173 666 195 122

298 228 348 253 dum
365 239 420 253 nune
437 236 473 258 est,
483 239 524 259 quo
533 235 626 259 tempore
636 232 656 252 iu
664 232 792 253 Pannoniam
801 231 906 252 redierunt
922 231 999 257 iterato,

299 263 377 290 quique
393 263 524 284 redeuntium
540 263 625 283 suerunt
641 262 749 290 capitanei,
774 266 907 289 quantusque
930 269 1002 283 nume-

298 301 333 315 rus
350 297 475 314 armatorum
493 293 516 314 in‘
531 293 630 320 exercitu,
647 300 752 321 apponere
764 293 784 314 in
796 293 886 320 presenti
903 293 1002 320 opusculo

298 324 384 351 dignum
398 324 456 345 duxi.

378 355 438 375 Anno
454 355 481 375 ab
498 355 638 375 incarnatione
654 354 732 375 domini
754 354 907 375 sexcentesimo
924 354 1003 375 LXX-0

298 385 365 411 VII-0,
382 392 394 406 a
410 389 476 406 morte
493 392 541 406 vero
558 385 619 413 Atyle
636 385 689 412 regis
705 385 845 411 hungarorum
862 391 917 405 anno
934 388 1003 405 cente-

298 416 350 436 simo
367 419 440 443 quarto
457 419 551 443 tempore
567 415 696 436 Constantini
712 415 841 442 imperatoris
860 415 913 435 tertii
930 419 951 436 et
967 415 1003 435 Za-

298 446 366 467 charia
383 453 443 474 pape,
460 446 513 467 sieut
529 446 625 467 scribitur
641 446 661 467 in
678 446 760 467 cronica
769 452 907 471 romanorum,
917 446 1003 472 hungari

298 477 324 497 de
340 477 408 504 Scytia
425 477 517 497 secundo
534 477 610 503 egressi
626 481 675 498 sunt
683 477 722 497 hoc
731 477 799 497 modo.
808 476 857 503 (22)
866 476 925 500 Quod
937 476 1003 497 Eleud

298 507 352 528 filius
369 507 426 534 Vgeg
442 514 468 528 ex
486 507 528 528 filia
543 507 668 528 Eunodbilia
684 507 704 528 in
721 507 790 535 Scytia
806 507 878 534 genuit
886 507 959 533 filium,
969 507 1003 534 qui

297 538 417 559 nominatur
433 538 508 559 Almus
524 538 550 559 ab
567 542 652 559 euentu.
669 538 722 562 Quia
738 538 797 558 matri
804 536 818 565 ¹)
828 537 873 558 eius
885 538 905 558 iu
915 544 1004 565 sompno

298 569 415 589 innotuerat
431 569 481 595 auis,
491 569 550 596 quasi
559 569 579 589 in
588 569 655 589 forma
670 569 760 589 austuris
776 568 868 594 veniens,
881 568 931 589 dum
948 572 1004 589 esset

297 599 394 626 g=·aui‹la;
410 603 431 619 et
447 599 502 626 quod
519 599 545 619 de
561 603 620 620 uter-0
637 600 681 620 eius
698 599 830 626 egrederetur
842 602 968 624 t01Tens‚,ae
984 599 1003 619 in

297 634 350 651 terra
366 637 407 650 non
425 637 463 650 sua
479 630 657 657 multiplicaretur,
674 630 762 657 ideoque
779 628 879 656 factum')
893 629 937 655 fuit,
947 629 1003 657 quod

297 661 323 681 (le
344 660 421 681 lumbis
440 660 484 681 eius
505 660 587 687 gloriosi
608 667 667 687 reges
687 664 855 687 propagarentur.
880 660 933 684 Quia
954 667 1004 680 vero

297 691 415 718 sompnium
433 691 453 711 in
471 691 541 718 lingua
557 694 626 712 nostra
642 691 716 711 dicitur
732 691 780 717 alm,
797 694 817 711 et
833 691 888 711 illius
897 694 954 711 ortus
968 697 1005 718 per

297 721 415 749 sompnium
432 721 471 742 fuit
487 722 643 748 prenosticatus,
660 722 706 742 ideo
723 722 767 749 ipse
783 725 869 742 vocatus
882 725 914 742 est
922 721 1004 742 Almus.

297 752 337 776 Qui
352 752 392 772 fuit
407 752 472 772 Elend
490 752 526 779 qui
542 752 581 772 fuit
597 752 655 779 Vgeg
671 752 706 779 qui
722 752 762 773 fuit
777 752 807 772 Ed
824 752 860 779 qui
875 752 915 772 fuit
931 751 1006 772 Chaba

297 782 332 809 qui
349 782 388 803 fuit
403 782 475 803 Ethele
492 782 528 809 qui
544 783 583 803 fuit
599 783 709 804 Bendekus
726 783 762 810 qui
777 782 817 803 fuit
832 782 901 803 Turda
915 782 951 809 qui
966 782 1005 803 fuit

296 813 385 834 Scemen
402 813 437 840 qui
454 813 492 833 suit
508 813 568 833 Ethei
584 813 619 840 qni
635 813 674 834 fuit
690 813 749 841 Opus
766 813 849 840 quisuit
865 813 960 833 Kadicha
969 813 1005 840 qui

296 844 335 864 fuit
350 844 430 864 Berend
448 844 483 870 qui
500 844 538 864 fuit
553 844 613 864 Zulta
629 844 664 871 qui
681 844 720 864 fuit
735 844 817 865 Bulchu
833 844 869 871 qui
885 843 924 865 fuit
937 843 1006 870 Bolug

296 874 332 901 qui
348 875 387 895 fuit
402 874 493 895 Zambur
508 874 542 901 qui
560 874 599 895 fuit
614 875 689 895 Zamur
705 875 741 901 qui
756 874 796 895 fuit
811 874 860 895 Leel
873 874 908 901 qui
917 874 957 895 fuit
966 874 1005 895 Le-

296 908 359 925 uen‘te
376 905 412 932 qui
428 905 467 925 {uit
482 905 564 925 Kulclie
580 905 616 932 qui
632 905 672 926 fuit
687 904 771 932 Ompud
788 905 824 932 qui
840 904 879 925 fuit
891 905 959 926 Miske
969 905 1005 932 qui

296 936 336 956 fuit
352 935 405 956 Mike
422 935 458 962 qui
474 935 513 956 fuit
528 936 604 956 Beztur
619 936 655 962 qui
671 935 709 956 fuit
726 935 786 956 Budli
803 935 838 962 qni
857 935 895 956 fuit
916 935 1005 956 Chanad

296 966 332 993 qui
348 966 387 986 fuit
402 966 475 986 Buken
492 966 528 992 qui
545 966 583 986 fuit
599 966 715 986 Bondofard
732 966 767 993 qui
784 966 823 986 fuit
837 966 910 986 Far-eas
919 966 957 993 qui
966 966 1006 987 fuit

296 996 382 1018 Otlnnar
398 996 434 1023 qui
450 996 489 1017 fuit
505 997 574 1017 Kadar
590 997 625 1023 qui
641 996 680 1017 fuit
696 996 848 1023 Belerquit‘uit
857 997 1006 1023 Kearquifuit

296 1027 355 1047 Keue
372 1027 408 1054 qui
424 1027 463 1047 fuit
479 1027 544 1047 Keled
562 1027 598 1054 qni
613 1027 652 1048 fuit
668 1027 736 1048 Dama
752 1027 787 1054 qui
804 1027 843 1048 fuit
860 1027 899 1047 Bor
915 1027 952 1054 qui
965 1027 1005 1048 fuit

296 1057 369 1078 Hunor
385 1057 420 1084 qui
437 1058 476 1078 fnit
492 1057 606 1085 Nemproth
623 1058 658 1084 qui
675 1058 714 1078 fuit
730 1058 801 1078 Thana
818 1058 854 1084 qui
870 1058 909 1078 fnit
924 1057 1006 1085 -Japhet

296 1088 332 1115 qui
348 1088 386 1108 fuir
402 1088 452 1108 Noe.
469 1088 543 1109 Almus
559 1088 631 1115 gennit
647 1088 723 1115 Arlmd,
746 1088 815 1115 Arpad
832 1088 904 1115 genuit
923 1088 1005 1114 Zostan,

295 1118 366 1139 Zoltan
382 1119 453 1145 genuit
469 1118 550 1139 Toxun.

374 1149 435 1169 Anno
456 1149 516 1175 igitur
534 1149 560 1170 ab
577 1149 717 1170 incarnatione
739 1149 816 1170 domini
841 1150 1004 1176 sexcentesimo,

297 1180 328 1200 vel
349 1180 524 1206 sexingentesimo
548 1180 701 1207 septuagesimo
723 1180 811 1207 septimo
832 1187 844 1200 a
865 1184 931 1201 morte
952 1188 1004 1201 vero

297 1210 357 1237 Myle
378 1210 431 1237 regis
450 1217 504 1231 anno
525 1210 639 1231 centesimo
661 1210 761 1237 wlgariter
782 1210 859 1237 Magori
881 1211 925 1231 siue
943 1211 1003 1237 huni,

296 1241 358 1261 latine
375 1247 423 1261 vero
441 1241 522 1267 Vngari,
539 1244 632 1268 tempore
649 1241 778 1262 Constantini
799 1241 852 1262 tertii
870 1241 1004 1269 imperaboris

349 1306 362 1329 ¹)
378 1307 436 1324 mater.
452 1306 492 1324 End.
508 1305 521 1330 ¹)
536 1306 609 1325 fantum
623 1307 642 1325 Τ.
658 1307 695 1326 ftm.
710 1307 728 1325 O.
