3900 5762
826 476 937 604 a„

162 718 409 826 illorumque
443 745 660 827 processus
693 717 894 825 reciperet
924 719 1060 799 felicia
1081 719 1347 823 incrementa,
1366 719 1564 804 confusus

159 839 1443 950 mhhadCfflmmnahmmmmlmfflmushhhoetpm
1487 845 1565 924 mh

160 965 242 1046 litia
274 963 490 1046 solidanda
527 963 765 1045 affluentem
808 963 1029 1070 pecuniam
1071 964 1316 1066 tradidisset,
1350 966 1564 1047 Teutonici

161 1088 210 1168 ob
254 1087 446 1166 timorem
479 1085 768 1191 Hungarorum
812 1086 993 1190 recipere
1039 1085 1273 1167 noluerunt.
1323 1087 1442 1168 Unde
1491 1116 1565 1194 spe

160 1209 268 1292 oruui
303 1208 507 1290 destituus
539 1207 659 1288 rediit
690 1207 729 1286 in
764 1207 958 1312 Agnumd
980 1207 1030 1287 ad
1049 1207 1244 1312 reginam,
1263 1239 1357 1290 cum
1378 1238 1460 1316 qua
1478 1210 1565 1292 dies

159 1333 319 1439 aliquos
353 1330 594 1412 cohabitans
628 1329 668 1409 in
704 1340 815 1410 veste
849 1329 1081 1410 monachali
1114 1330 1233 1410 deide
1260 1333 1411 1414 Albam
1440 1334 1564 1413 veuit.

158 1451 944 1535 Etwmlmmmmfimmemsm
989 1452 1565 1564 mmmtmdmmhmoeh

159 1575 325 1682 virginis
359 1575 553 1657 manibus
585 1573 759 1681 propriis
793 1574 1044 1680 pauperibus
1080 1574 1387 1683 eleemosynam
1422 1602 1562 1681 eroga-

159 1713 229 1800 ret,
263 1697 354 1804 ipse
388 1696 444 1777 ibi
476 1696 583 1776 inter
615 1723 685 1777 eos
718 1696 866 1775 dicitur
897 1696 1120 1802 accepisse.
1154 1695 1287 1792 Quem
1330 1725 1429 1778 mox
1469 1725 1564 1803 cog·-

160 1817 1566 1925 uthmesmhmmmlfflmmsmmmmewsa

160 1941 448 2024 distributione
483 1941 732 2022 eleemosine
765 1939 915 2047 inquiri
948 1941 1045 2021 feeit
1077 1941 1303 2046 diligenter,
1335 1968 1419 2022 non
1454 1943 1566 2048 quod

160 2065 195 2146 ei
226 2063 451 2146 nocuisset.
489 2061 568 2143 Sed
602 2061 670 2144 ille
703 2062 857 2144 malum
892 2091 1137 2170 presumens
1170 2065 1222 2144 ab
1250 2064 1409 2167 eodem,
1428 2091 1564 2146 seces-

159 2188 209 2270 sit
240 2185 339 2268 iude
372 2211 517 2266 versus
551 2211 663 2266 mare
695 2184 958 2288 Adriaticum,
977 2184 1048 2266 ubi
1072 2186 1110 2265 iu
1131 2186 1298 2268 ciuitate
1316 2186 1414 2266 Pola
1430 2214 1565 2293 usque

159 2323 336 2390 mortem
370 2307 411 2387 in
445 2333 609 2388 summa
640 2319 882 2414 paupertate
917 2307 957 2388 in
991 2307 1218 2414 penitentia
1257 2309 1404 2390 liniens
1438 2309 1564 2390 vitam

159 2457 292 2532 suam,
326 2429 367 2509 in
402 2441 558 2536 quaet
600 2429 706 2510 iacet
749 2431 989 2532 tumulatus,
1039 2458 1253 2537 uunquam
1302 2431 1465 2514 rediens
1513 2431 1566 2512 ad

160 2579 337 2636 uxorem
370 2578 505 2658 usque
538 2565 725 2633 mortem.
758 2551 913 2658 Regina
944 2579 1041 2633 rero
1075 2551 1228 2660 Sophia
1260 2580 1367 2634 uxor
1399 2554 1487 2635 eius
1525 2554 1566 2634 in

159 2673 347 2758 inaxima
379 2672 565 2755 castitate
598 2701 869 2780 perseuerans
887 2675 1048 2758 nunciis
1065 2675 1353 2782 frequentibus
1372 2676 1566 2757 uraritum

159 2797 366 2899 visitabat,
401 2796 569 2878 mittens
602 2797 639 2877 ei
672 2825 900 2904 expensam
917 2811 964 2878 ut
988 2797 1141 2880 hahere
1164 2811 1334 2904 poterat,
1353 2798 1566 2879 inuitando

159 2918 1563 3027 rmffimmmm,mmlmmvfflmohfflmmmrmmemmffln

160 3041 240 3138 Qui
290 3041 485 3148 quamuis
518 3041 559 3121 in
609 3042 729 3124 corde
778 3041 1000 3144 habuisset,
1035 3043 1088 3122 ob
1122 3042 1291 3123 nimiam
1341 3056 1565 3147 egestatem

159 3178 295 3246 tactus
328 3163 591 3264 uerecundia,
624 3165 682 3246 ire
715 3166 933 3246 recusauit.
969 3164 1101 3260 Quem
1126 3193 1221 3246 oum
1244 3166 1295 3244 de
1313 3164 1449 3245 medio
1467 3165 1566 3246 sub-

159 3287 292 3369 latum
326 3286 599 3392 cognouisset,
633 3287 729 3368 lieet
745 3287 865 3368 multi
896 3286 1104 3394 principes
1141 3287 1193 3366 de
1226 3286 1448 3367 Gerruania
1488 3285 1566 3368 sibi

160 3409 347 3518 copulari
390 3407 743 3490 matrimonialiter
784 3408 1022 3512 uoluissent,
1056 3408 1203 3518 spretis
1246 3408 1451 3509 omnibus,
1485 3435 1566 3515 que

159 3531 344 3614 habebat
375 3530 577 3613 secularia
623 3531 777 3614 faciens
830 3532 1084 3634 venumdari,
1119 3530 1258 3636 egenis
1306 3543 1368 3612 est
1411 3530 1566 3636 largita.

160 3653 256 3761 lpsa
289 3679 387 3734 vero
420 3653 610 3735 monialis
643 3656 800 3755 effecta,
834 3655 1106 3736 arctissimam
1149 3653 1274 3734 vitam
1321 3652 1566 3734 deducendo

160 3775 356 3882 migrauit
388 3775 439 3856 ad
471 3773 713 3879 Dominum,
747 3790 788 3857 et
820 3776 861 3856 iu
894 3778 1053 3884 prefato
1084 3776 1331 3857 monasterio
1350 3775 1565 3877 tumulata,

161 3898 271 3980 sicut
302 3909 446 3980 sancta
478 3911 710 3980 veneratur.

323 4019 392 4100 34.
424 4019 520 4102 Post
560 4019 824 4103 Salomonem
873 4046 969 4101 vero
1017 4019 1205 4124 regnauit
1246 4019 1403 4100 Geicha
1449 4019 1568 4102 anuis

162 4141 1568 4249 mmsmummmememmmanmmdmmum-

162 4258 399 4369 rmfflmh

324 4384 1565 4491 3blbmthmmmrrmoummmhlahmmsXXXam

163 4509 227 4590 nis
261 4522 303 4588 et
335 4507 466 4589 tribus
500 4508 724 4590 iriensibus
760 4509 803 4589 ln
840 4504 1030 4615 Warod³)
1058 4507 1290 4614 requiescit.
1311 4506 1430 4586 lstius
1449 4507 1570 4611 igitur

164 4630 423 4737 temporibus
455 4630 496 4710 in
529 4628 698 4738 Septem
732 4631 885 4732 castris,
919 4632 961 4711 in
993 4645 1133 4710 monte
1167 4629 1242 4735 qui
1272 4627 1473 4735 llyrioleis
1507 4629 1566 4708 di-

164 4753 281 4852 citur,
316 4751 429 4834 llessi
462 4751 668 4857 Hungaris
702 4753 965 4853 infestissimi,
1003 4752 1173 4859 spoliata
1210 4749 1420 4854 Huugaria
1461 4749 1567 4856 fugi-

272 5013 297 5110 ¹)
327 5010 535 5084 beatissime.
568 5015 595 5103 ²)
626 5014 812 5085 huuulatus
854 5009 881 5110 ³)
915 5011 1035 5084 larad.
