4024 5776
873 563 1028 666 Ae-

247 793 411 862 nerunt.
456 779 543 861 Hoo
600 809 695 862 cnm
738 772 1037 894 menubnorout
1085 809 1158 887 per
1188 781 1355 864 nuntios
1385 780 1484 884 fuga
1515 778 1652 885 lapsos

247 902 488 1002 audiuisset,
524 903 638 984 irruit
672 903 710 983 in
745 904 977 984 maximnm
1006 900 1012 1011 Ι
1041 902 1243 985 timorem.
1276 902 1329 984 Et
1360 901 1470 982 misit
1485 900 1651 983 nuntios

247 1051 347 1106 suos
379 1053 476 1106 cum
508 1025 680 1106 diuersis
714 1026 955 1128 muneribus
988 1024 1039 1105 ad
1074 1027 1247 1108 rsubuu
1281 1037 1322 1105 et
1353 1024 1481 1125 velec,
1515 1034 1557 1103 et
1588 1048 1651 1104 ro·
1663 1018 1712 1092 30

247 1147 363 1252 garrit
395 1173 478 1248 eos,
512 1162 557 1228 nt
590 1148 665 1255 ipsi
710 1149 803 1254 paci
835 1151 1025 1229 l'anentes
1058 1148 1222 1260 legatos
1271 1173 1368 1230 suos
1400 1146 1451 1227 ad
1500 1145 1652 1228 ducem

247 1269 375 1374 arpad
410 1269 534 1349 eundi
568 1270 831 1371 dimitterent,
866 1270 935 1376 qui
969 1270 1207 1350 nuntiarent
1240 1269 1295 1350 ci:
1331 1268 1441 1375 quod
1471 1269 1476 1370 Ι
1505 1294 1652 1347 menu-

248 1405 424 1492 moront,
460 1391 530 1498 qui
563 1392 658 1472 duci
707 1392 832 1499 arpad
871 1392 1002 1499 primo
1047 1419 1121 1498 per
1153 1393 1309 1498 legatos
1342 1390 1526 1498 proprios
1559 1388 1652 1470 bul-

246 1513 385 1617 garico
419 1513 541 1594 corde
573 1509 761 1628 sulperbe
810 1513 1057 1614 mandando,
1106 1528 1257 1596 terram
1290 1541 1385 1595 cum
1419 1511 1574 1619 pugillo
1608 1535 1653 1592 sc

244 1635 442 1716 daturum
491 1637 680 1741 negabat,
730 1636 852 1717 nmdo
896 1664 969 1743 per
1012 1637 1179 1718 eosdem
1210 1638 1215 1743 Ι
1244 1635 1410 1717 nuntios
1443 1633 1579 1716 uictus
1613 1645 1654 1713 et

246 1772 474 1864 prostratus
507 1770 638 1839 totum
673 1785 858 1864 regnum,
894 1770 934 1840 et
965 1757 1082 1839 Zultc
1100 1759 1181 1838 lilio
1200 1758 1324 1866 arpad
1342 1756 1469 1837 filiam
1500 1752 1504 1865 Ι
1533 1781 1651 1837 snam

245 1877 347 1958 darc
377 1905 459 1960 non
494 1879 712 1961 dubitaret.
738 1881 854 1961 'l'nnc
887 1882 1051 1962 rsubuu
1091 1894 1132 1960 et
1164 1881 1279 1962 relec
1313 1878 1529 1960 consilium
1564 1877 1651 1959 eius

246 1997 545 2116 lan‹laue}runt,
595 2017 636 2083 ct
683 2031 777 2083 eum
826 2003 969 2108 legatis
1013 2003 1097 2085 suis
1137 2005 1303 2086 nuntios
1335 2002 1546 2102 miserunt,
1581 1999 1762 2105 quinsll

245 2121 463 2205 dominum
497 2152 618 2206 sunm
653 2125 801 2206 ducem
831 2123 836 2234 Ι
865 2125 1080 2232 arpadium
1129 2151 1255 2208 causa
1302 2124 1415 2231 pacis
1451 2134 1651 2226 rogarent.

246 2245 330 2340 nui
363 2273 456 2328 curn
491 2246 667 2329 insulam
701 2247 815 2356 sepel
850 2249 1123 2347 intrauisscnt,
1158 2263 1198 2328 et
1226 2250 1231 2354 Ι
1261 2247 1409 2328 ducem
1444 2244 1653 2352 arpadsa·

247 2368 461 2470 lntassent,
494 2369 678 2450 secunda
709 2370 775 2451 die
807 2370 930 2476 legati
963 2372 1156 2453 mandata
1176 2381 1471 2451 menumorout
1499 2366 1504 2476 Ι
1534 2366 1651 2447 dixe·

246 2505 356 2570 runt.
404 2489 502 2573 Dux
553 2518 651 2572 noro
703 2494 840 2600 Arpad
890 2493 990 2574 inito
1033 2494 1201 2576 consilio
1234 2519 1403 2574 suorum
1436 2488 1651 2589 nobilium,

246 2611 444 2694 mamlata
493 2630 792 2707 rncrrumorout
840 2615 984 2696 dilexit
1017 2629 1058 2696 et
1089 2615 1286 2717 laudauit,
1320 2626 1361 2693 et
1392 2613 1491 2694 dum
1525 2610 1686 2692 liliamb

246 2752 541 2817 menumorout
589 2736 773 2818 eiusdem
803 2733 810 2847 Ι
838 2738 956 2818 etatis
1008 2752 1051 2818 ut
1100 2737 1206 2820 lilius
1248 2764 1348 2818 suus
1394 2735 1538 2816 Zultus
1572 2733 1650 2813 iam

244 2885 336 2939 esse
370 2855 609 2957 audiuisset,
643 2859 890 2965 peticionem
925 2871 1226 2949 memrmorout
1258 2858 1418 2938 differre
1451 2855 1653 2956 noluit,et

244 2979 371 3059 filiam
421 3005 538 3060 suam
588 2981 627 3061 in
677 3009 850 3062 uxorem
900 2983 1016 3063 ante
1065 2982 1224 3089 accepit
1253 2982 1258 3086 Ι
1288 3008 1382 3062 cum
1416 3001 1542 3084 reguo
1574 2975 1652 3058 sibi

246 3102 461 3208 promisso.
496 3101 545 3183 Et
579 3102 710 3185 missis
744 3103 886 3208 legatis
930 3104 981 3184 ad
1015 3106 1154 3186 usubn
1187 3116 1227 3184 ct
1259 3102 1382 3184 ueluc
1417 3099 1649 3198 inundauit,

244 3239 289 3304 nt
323 3223 541 3306 celebratis
574 3225 728 3332 unptiis
761 3225 886 3306 liliam
919 3239 1212 3308 mermmorout
1243 3225 1325 3305 lilio
1359 3251 1433 3305 suo
1465 3221 1590 3329 Zulte
1610 3220 1709 3300 inm

246 3371 423 3426 uxorem
473 3347 719 3453 acciperent,
754 3362 794 3428 et
825 3348 930 3430 filios
964 3349 1189 3430 incolarum
1224 3347 1264 3427 in
1298 3345 1462 3427 obsides
1494 3341 1649 3450 positos

243 3495 389 3548 secum
419 3464 424 3574 Ι
453 3467 663 3570 ducerent,
697 3483 738 3550 et
769 3470 863 3552 duci
914 3483 1204 3552 menumorout
1243 3469 1387 3550 darent
1421 3465 1551 3575 bybor
1582 3491 1649 3545 ca·

243 3605 390 3670 strum.
422 3585 507 3666 m
533 3585 603 3667 Do
630 3587 815 3667 usubuu
843 3595 889 3668 ot
915 3589 1064 3669 velue.

246 3711 425 3793 l'subuu
459 3725 500 3792 et
531 3711 651 3793 reluc
684 3740 762 3794 nec
805 3739 888 3794 non
932 3715 1065 3798 omnis
1099 3714 1305 3796 exercitus
1339 3711 1544 3819 preceptis
1577 3709 1650 3790 do·

244 3833 344 3914 mini
388 3833 451 3915 sui
492 3837 681 3916 timentes
729 3835 854 3917 liliam
885 3835 889 3946 Ι
919 3849 1213 3918 mermmoront
1245 3835 1461 3917 celebratis
1494 3831 1649 3939 nuptiis

244 3970 510 4062 acceperunt,
546 3971 586 4037 et
618 3956 722 4038 filios
756 3957 982 4040 incolarum
1012 3963 1017 4066 Ι
1046 3959 1086 4040 in
1121 3959 1285 4041 obsides
1318 3956 1472 4064 positos
1505 3982 1648 4036 secum

245 4077 470 4160 duxeruut.
519 4078 569 4158 m
602 4079 737 4186 ipsum
772 4096 1064 4163 menumorout
1096 4082 1135 4162 in
1171 4093 1302 4162 castro
1332 4084 1337 4187 Ι
1366 4079 1498 4188 bybor
1529 4076 1709 4157 dimi-15

242 4215 398 4282 serunt.
447 4199 563 4282 Tunc
611 4203 778 4284 nsubuu
827 4214 867 4283 et
916 4203 1038 4284 ueluc
1071 4228 1350 4308 cummagno
1382 4201 1536 4280 bonore
1570 4209 1647 4310 et3

244 4322 394 4426 gaudio
429 4322 662 4404 addacem
712 4324 837 4432 arpad
886 4327 1041 4406 reuersi
1075 4340 1183 4407 suut.
1232 4324 1330 4405 Dux
1381 4347 1479 4404 uero
1513 4333 1554 4401 et
1585 4318 1648 4401 sui

245 4445 509 4552 yobagyones
539 4442 543 4555 Ι
573 4445 737 4526 obuiam
774 4447 831 4528 cis
866 4460 1165 4554 processerunt,
1200 4459 1240 4527 et
1271 4444 1396 4526 filiam
1430 4467 1648 4524 menumo·

246 4579 338 4646 rout
369 4566 477 4648 sicut
508 4566 629 4648 decet
661 4561 864 4682 sponssam
912 4569 1013 4650 tanti
1047 4570 1175 4672 ducis,
1224 4565 1445 4650 honorilice
1488 4565 1536 4644 ad
1572 4563 1648 4646 du·

246 4687 378 4768 celem
411 4687 582 4769 domum
616 4689 837 4771 duxerunt.
871 4689 969 4774 Dux
1002 4717 1103 4774 uero
1132 4692 1137 4796 Ι
1167 4690 1294 4798 arpad
1335 4703 1375 4769 et
1408 4713 1551 4768 omnes
1584 4687 1648 4768 sui

247 4809 454 4918 primates,
504 4811 760 4894 celebrantes
809 4813 972 4920 nuptias
1010 4841 1159 4920 magna
1191 4815 1379 4894 fecerunt
1408 4807 1413 4922 Ι
1442 4807 1647 4910 conuiuia,
1659 4813 1708 4887 20

248 4943 288 5012 et
318 4933 403 5014 fere
437 4932 602 5014 cottidie
636 4935 912 5017 comedebant
957 4935 1196 5044 nuptialiter
1228 4963 1324 5017 cum
1356 4931 1530 5016 diuersis
1562 4925 1648 5042 mi}-

247 5053 354 5138 libus
380 5053 759 5140 circumiacentium
794 5085 1025 5164 regnorum.
1060 5057 1110 5144 Et
1141 5057 1314 5140 iuuenes
1348 5082 1489 5138 eornm
1531 5052 1646 5136 lude·
