3896 5758
799 409 953 522 gor-

184 635 334 744 piiosus
366 634 509 716 luscus
540 634 708 740 gibosus
742 635 916 718 claudus
951 648 992 715 et
1007 634 1159 717 blesus
1181 632 1372 742 Cumque
1404 629 1578 744 predicti

184 757 379 866 peregrini
419 755 522 838 Jesu
556 754 706 838 Christi
750 757 965 840 audissent
1004 756 1056 837 de
1098 770 1230 837 ruorte
1271 757 1434 864 gloriosi
1475 758 1582 864 regis

182 880 366 978 Ladizlai,
402 879 526 960 ualde
561 877 875 982 condoluerunt,
909 905 958 960 ac
989 878 1086 958 inde
1119 879 1581 962 miseruntnunciosad

183 1029 315 1106 regern
351 999 623 1082 Colomanum
660 1012 707 1081 ut
732 999 1085 1107 quemadmodum
1105 999 1327 1107 gloriosum
1345 1001 1582 1083 Ladizlaum

181 1137 441 1228 rogauerunt,
475 1122 531 1202 ita
563 1136 604 1201 et
636 1120 687 1200 de
719 1121 810 1228 ipso
843 1123 1067 1230 petierunt,
1093 1135 1288 1230 putantes
1320 1123 1456 1230 ipsum
1493 1151 1582 1206 esse

180 1245 228 1325 de
271 1244 416 1327 eadem
461 1244 625 1351 pietate,
668 1245 766 1351 quia
809 1245 896 1352 ipse
938 1245 990 1325 de
1023 1244 1169 1326 eodem
1203 1246 1403 1352 sauguine
1436 1246 1583 1327 fuerat.

180 1365 429 1448 Colomanus
462 1377 601 1447 autern
636 1392 710 1446 rex
742 1365 821 1446 hoc
853 1365 1039 1469 audiens,
1057 1392 1140 1446 non
1158 1367 1293 1449 solum
1310 1394 1392 1448 non
1411 1368 1469 1448 ire
1488 1395 1583 1450 cum

180 1490 235 1572 eis
269 1488 469 1598 promisit,
502 1487 573 1570 sed
609 1489 731 1568 etiam
765 1515 840 1596 per
870 1502 1019 1570 terram
1047 1515 1167 1571 suam
1184 1489 1295 1571 uiam
1314 1489 1395 1572 iilis
1412 1490 1583 1570 minime

179 1611 394 1694 concessit.
441 1609 683 1691 Exercitum
724 1623 864 1692 autem
897 1622 1039 1692 contra
1071 1635 1141 1693 eos
1173 1611 1296 1714 misit,
1329 1623 1376 1692 ut
1408 1611 1458 1692 ad
1494 1639 1584 1717 reg-

179 1762 279 1815 num
312 1731 479 1814 introire
510 1757 592 1812 non
627 1733 924 1839 permitterent
942 1745 1094 1840 putans
1120 1733 1232 1840 ipsos
1264 1760 1355 1816 esse
1388 1733 1584 1835 tirannos,

178 1871 219 1937 et
259 1881 345 1938 non
387 1853 635 1962 peregrinos
678 1853 742 1934 Illi
784 1867 923 1937 autem
957 1882 1075 1961 spem
1108 1854 1150 1935 in
1182 1855 1261 1937 deo
1294 1870 1509 1963 ponentes,
1545 1869 1586 1937 et

177 1978 297 2060 cuius
340 1976 504 2082 signum
547 1977 768 2083 portabant
808 1975 904 2058 lesu
945 1975 1106 2079 Christi,
1144 1976 1186 2058 in
1226 1976 1308 2078 illo¹
1329 1977 1586 2060 confidentes

176 2099 432 2206 Hungariam
473 2097 670 2179 audacter
716 2099 987 2201 intrauerunt,
1036 2111 1161 2180 etex
1195 2097 1401 2204 Hungaris
1434 2100 1586 2182 multos

177 2222 486 2304 interiecemnt.
518 2218 608 2300 Hoc
640 2219 780 2302 audito
813 2247 885 2301 rex
919 2220 1185 2326 congregarit
1214 2221 1443 2302 exercitum
1462 2249 1586 2303 suurn

176 2345 285 2425 circa
317 2342 479 2441 TemeS,
513 2353 554 2420 et
585 2340 675 2424 illos
708 2341 902 2423 simulata
931 2369 1032 2449 paee
1050 2342 1108 2422 ire
1126 2341 1382 2424 dimiserunt.
1395 2338 1424 2450 ¹)
1459 2341 1585 2424 Curn-

175 2493 258 2573 que
293 2464 342 2546 ad
376 2463 534 2544 Zemlin
565 2465 866 2571 peruenissent,
900 2478 942 2545 et
972 2491 1016 2546 se
1049 2465 1091 2545 in
1125 2491 1228 2571 pace
1261 2491 1352 2546 csse
1370 2480 1584 2571 sperantes

175 2602 311 2670 castra
341 2585 484 2666 metati
516 2597 624 2668 sunt.
660 2585 852 2668 Castmm
883 2599 1025 2668 autern
1057 2585 1214 2668 Zemlin
1242 2599 1455 2694 ceperunt,
1473 2587 1583 2693 quod

174 2738 247 2790 rex
284 2709 383 2790 alias
418 2707 583 2789 insidias
616 2735 699 2788 non
734 2710 900 2810 faceret,
933 2721 975 2789 et
1005 2707 1147 2816 peiora
1178 2708 1384 2816 prioribus
1412 2709 1586 2790 nontie-

173 2846 279 2912 rent.
315 2829 475 2910 Deinde
509 2830 733 2912 marchiam
777 2831 890 2912 illam
934 2843 1062 2912 totam
1097 2831 1384 2934 deuastabant,
1418 2845 1587 2938 propter·

173 2955 348 3054 uictum,
382 2967 424 3032 et
455 2952 654 3059 quicquid
687 2979 830 3061 rapere
864 2965 1054 3060 poterant
1080 2951 1132 3032 ad
1151 2965 1332 3035 castrum
1349 2953 1582 3060 portabant.

172 3075 263 3156 Rex
298 3086 437 3157 autem
473 3074 513 3153 in
546 3073 695 3157 Temes
737 3074 888 3156 utiliori
932 3073 1102 3156 consilio
1145 3101 1258 3176 usuc,
1306 3100 1454 3182 pacem
1489 3102 1585 3156 cum

173 3197 255 3279 iliis
287 3195 479 3297 firmauit,
513 3211 553 3276 et
586 3196 725 3280 multis
767 3196 1009 3278 muneribus
1043 3207 1083 3277 et
1115 3195 1366 3278 uictualibus
1409 3220 1479 3278 eos
1513 3195 1585 3275 ho·

173 3318 350 3418 notauit,
384 3329 425 3398 et
456 3318 496 3398 iu
530 3344 632 3424 paee
667 3319 722 3399 ire
756 3317 921 3400 dimisit.
953 3319 1015 3399 illi
1049 3340 1191 3398 autem
1225 3317 1428 3424 peregrini
1462 3317 1585 3424 profi·

171 3443 331 3523 cientes
364 3454 565 3547 ceperunt
598 3439 899 3542 Authiochiarn,
933 3454 974 3520 et
1000 3439 1224 3521 adiuuante
1243 3439 1321 3520 deo
1354 3439 1582 3520 Ierusalem

171 3565 377 3646 abierunt.

332 3683 523 3792 Cumque
556 3710 631 3764 rex
663 3684 716 3764 ad
748 3683 912 3792 propria
943 3695 1230 3785 reuerteretur,
1256 3697 1297 3764 et
1313 3683 1400 3765 dux
1434 3681 1583 3765 Almus

171 3805 226 3888 ad
259 3806 457 3888 ducatum
492 3805 580 3906 iret,
629 3805 797 3912 quidam
845 3804 977 3912 iniqui
1024 3805 1240 3914 dyabolico
1280 3805 1374 3887 freti
1411 3796 1581 3888 consilio

172 3943 378 4036 ceperunt
408 3927 515 4008 inter·
547 3953 617 4008 eos
648 3954 855 4009 accusare.
893 3925 1100 4008 Dicebant
1131 3926 1242 4008 enim
1269 3926 1385 4008 duci:
1404 3926 1583 4008 Domine

170 4051 282 4132 dux!
327 4076 398 4130 rex
444 4049 657 4132 insidiatur
695 4049 781 4152 tibi,
816 4062 857 4130 et
889 4074 1037 4156 capere
1076 4049 1171 4130 uult
1202 4061 1252 4131 te.
1304 4046 1466 4130 Deinde
1500 4049 1584 4153 regi

169 4173 389 4253 dicebant:
433 4169 531 4253 Dux
574 4171 646 4253 tibi
688 4170 826 4280 posuit
867 4169 1046 4271 insidias,
1085 4182 1127 4251 et
1157 4170 1190 4252 si
1223 4196 1308 4251 non
1341 4170 1584 4253 custodieris

170 4309 227 4394 te,
260 4293 367 4375 scias
399 4293 544 4402 procui
577 4292 704 4374 dnbio
737 4308 777 4373 te
811 4292 1068 4374 moriturum.
1101 4291 1192 4373 Hoc
1209 4307 1349 4373 autem
1367 4292 1583 4374 audientes

169 4419 298 4498 ambo
330 4416 504 4497 iuuenes
538 4427 578 4495 et
609 4414 751 4498 lasciui
794 4428 1151 4520 congregauerunt
1197 4415 1439 4496 exercitum.
1492 4413 1580 4494 Rex

169 4551 313 4620 autem
348 4565 441 4617 cum
478 4537 662 4618 exercitu
695 4537 810 4619 uenit
842 4549 984 4617 contra
1000 4535 1151 4617 ducem
1177 4535 1217 4616 in
1237 4534 1434 4638 Warkun,
1455 4537 1581 4643 (103)

170 4673 215 4741 et
247 4661 333 4740 dux
369 4686 391 4740 e
424 4673 565 4740 contra
597 4659 712 4740 uenit
744 4685 872 4766 prope
905 4655 1103 4760 Warkun,
1135 4656 1309 4738 'sisciam
1344 4671 1483 4738 auteur
1519 4659 1580 4740 iu·

284 4917 309 5020 ¹)
338 4915 480 4992 dimisit.
509 4917 548 4992 Τ.
