3896 5758
947 471 1103 620 a

315 711 512 846 buamuis
544 733 666 821 sciret
697 729 961 818 Salomonem
1002 738 1124 820 nimis
1158 765 1248 820 esse
1289 737 1450 822 trucem
1483 753 1525 822 et
1555 739 1731 850 impaci-

318 857 500 968 bilem,¹)
544 861 680 942 uictus
721 875 862 941 tamen
905 860 1070 966 pietate,
1114 873 1155 940 et
1196 861 1378 943 maxime
1418 862 1582 945 iusticia
1614 890 1730 945 com-

317 983 511 1090 pellente,
546 983 645 1090 quia
676 983 740 1064 ius
773 982 1021 1087 legittimum
1054 982 1268 1066 Ladizlaus
1285 985 1569 1066 nonhabebat
1586 1001 1732 1068 contra

318 1131 428 1206 eum,
461 1105 534 1186 sed
566 1105 706 1186 omnia
738 1132 793 1184 ex
824 1105 933 1187 iacto
965 1103 1064 1183 fecit
1093 1130 1178 1185 non
1211 1105 1262 1185 de
1295 1106 1395 1210 iure,
1438 1121 1584 1213 quarto
1618 1135 1730 1189 auno

317 1227 433 1332 regni
465 1227 530 1309 sui
561 1227 802 1335 pacificatus
836 1244 897 1310 est
925 1253 1020 1307 cum
1039 1224 1271 1329 Salomone,
1290 1228 1449 1311 donans
1467 1230 1503 1310 ei
1521 1230 1731 1336 stipendia

317 1348 370 1429 ad
402 1349 560 1454 regales
593 1375 798 1456 expensas
843 1348 1108 1432 sufficientia.
1158 1347 1388 1456 Optimates
1431 1364 1572 1432 autem
1612 1353 1730 1457 regni

316 1471 457 1552 futura
488 1471 673 1578 pericula
704 1472 853 1553 bellice
887 1469 1013 1552 cladis
1046 1481 1167 1552 caute
1184 1489 1469 1578 precauentes,
1487 1499 1571 1553 non
1589 1476 1730 1581 pacie-

316 1593 468 1674 bantur
500 1619 674 1698 regnum
708 1593 847 1702 partiri
881 1620 975 1673 cum
1010 1590 1242 1695 Salomone,
1261 1621 1314 1674 ne
1331 1594 1561 1676 nouissima
1581 1595 1731 1676 fierent

316 1715 457 1821 peiora
487 1715 704 1822 prioribus,
738 1714 968 1798 Salomonis
985 1733 1125 1795 autem
1145 1716 1412 1797 cauteriatam
1431 1718 1730 1798 conscientiam

314 1850 592 1944 preconcepte
625 1837 836 1919 iracundie
868 1836 1099 1917 amaritudo
1131 1836 1325 1918 laniabat.
1353 1835 1474 1946 Cepit
1490 1839 1630 1946 itaque
1648 1840 1731 1920 fre-

317 1960 553 2042 mebundus
596 1961 773 2042 estuanti
815 1960 953 2041 animo
996 1957 1222 2039 machinari
1264 1959 1392 2062 dolos,
1425 1961 1468 2040 iu
1501 1961 1729 2068 perniciem

316 2080 476 2162 innoxii
516 2082 727 2188 sanguinis
768 2080 957 2163 Ladizlai.
1006 2078 1088 2162 Sed
1129 2080 1275 2162 incidit
1314 2081 1357 2163 in
1389 2083 1557 2164 foueam
1601 2111 1731 2191 quam

313 2203 424 2284 fecit.
456 2203 614 2284 Eodem
648 2203 769 2284 etiam
805 2229 913 2284 anno
947 2229 1050 2282 crux
1083 2201 1240 2283 domini
1262 2230 1344 2310 que
1361 2205 1471 2286 Albe
1504 2206 1732 2288 constituta

316 2326 454 2407 fuerat
484 2352 682 2432 percussa
714 2345 776 2408 est
809 2351 832 2406 a
864 2325 1039 2430 fulgure.
1666 2331 1672 2338 '

470 2445 561 2528 Rex
592 2460 733 2530 autem
768 2448 862 2556 (95)
895 2447 1109 2530 Ladizlaus
1143 2447 1402 2555 deprehenso
1433 2447 1598 2554 flagitio,
1618 2451 1733 2557 cepit

313 2566 590 2674 Salomonem,
633 2584 674 2650 et
714 2570 758 2652 in
797 2568 1030 2677 Vyssegrad
1071 2570 1238 2653 retrusit
1273 2570 1315 2650 in
1359 2597 1579 2654 carcerem.
1629 2570 1732 2653 Erat

285 2703 454 2772 'autem
495 2691 607 2800 apud
649 2690 914 2774 Salomonem
954 2691 1094 2774 Bodus
1135 2691 1244 2775 filius
1286 2693 1429 2774 Bolon
1473 2692 1729 2776 incarcere.

311 2810 403 2894 Hoc
434 2828 577 2895 autem
607 2839 692 2896 non
725 2840 852 2896 eausa
882 2813 1040 2896 timoris
1071 2813 1180 2916 fecit,
1214 2813 1288 2896 sed
1314 2841 1389 2922 pro
1408 2817 1728 2921 consanguinei·

312 2947 397 3015 tate
429 2935 547 3041 regis,
581 2936 653 3044 qui
685 2963 851 3045 semper
882 2935 1118 3017 minabatur
1148 2937 1284 3018 facere
1325 2936 1466 3044 peiora
1506 2937 1727 3044 prioribus

312 3069 353 3138 et
384 3069 432 3140 ut
462 3058 575 3141 furor
606 3058 715 3141 illius
748 3058 969 3166 paululum
1002 3070 1312 3165 temperaretur.
1350 3057 1444 3166 lpse
1478 3058 1589 3140 enim
1622 3061 1728 3143 assi-

309 3179 392 3261 due
424 3204 498 3287 pro
532 3178 752 3262 Salomone
786 3180 941 3281 orabat,
975 3195 1023 3262 ut
1054 3180 1106 3261 ad
1137 3181 1274 3288 legem
1308 3181 1375 3262 dci
1400 3195 1727 3264 conuerteretur.

309 3299 352 3383 Si
383 3328 483 3383 uero
518 3301 711 3384 Salomon
746 3329 974 3385 conuersus
1006 3302 1162 3405 fuisset,
1196 3302 1400 3384 ueraciter
1431 3330 1604 3409 regnum
1633 3305 1727 3412 ple·

309 3423 422 3504 narie
455 3425 533 3505 sibi
566 3425 822 3527 restituisset,
856 3425 945 3532 ipsc
972 3425 1172 3506 ducatum
1190 3425 1268 3507 sibi
1286 3424 1488 3530 elegisset.
1505 3425 1558 3506 Et
1575 3453 1727 3533 quarn·

309 3547 373 3627 uis
406 3543 601 3627 Salomon
635 3547 678 3628 in
711 3574 873 3628 carcere
906 3546 1064 3648 fuisset,
1104 3545 1320 3630 Ladizlaus
1353 3547 1485 3630 multo
1520 3547 1650 3654 magis
1683 3549 1726 3631 ei

309 3667 570 3749 condolebat.
603 3666 685 3750 Sed
717 3669 984 3776 postmodum
1016 3666 1212 3752 Salomon
1243 3697 1319 3751 rex
1352 3667 1545 3752 dimissus
1563 3669 1615 3752 de
1633 3697 1725 3752 car-

309 3815 414 3889 cere,
448 3789 490 3870 in
524 3790 764 3872 eleuacione
798 3791 978 3899 corporis
1011 3792 1142 3874 sancti
1172 3792 1279 3898 regis
1312 3790 1523 3899 Stephani,
1550 3808 1593 3873 et
1608 3792 1725 3875 beati

307 3910 485 3992 Emerici
518 3909 773 3996 Confessoris
806 3913 934 3994 astitit
964 3914 1050 4019 regi
1081 3914 1225 4021 paucis
1259 3914 1418 4017 diebuS,
1463 3929 1504 3994 ct
1546 3915 1724 3996 tandem

308 4032 471 4139 fugiens
497 4032 597 4114 adiit
629 4035 780 4117 ducem
813 4033 1025 4118 Cunerum
1060 4036 1131 4142 qui
1163 4037 1392 4118 uocabatur
1422 4035 1595 4118 llutesk.
1641 4035 1724 4118 Cui

308 4154 460 4237 iurauit
491 4157 603 4264 quod
645 4156 958 4239 Transiluauam
998 4157 1255 4265 prouinciam
1297 4153 1607 4266 proprietari0²)
1640 4159 1721 4241 sibi

307 4277 497 4382 traderet,
531 4291 572 4359 et
603 4279 727 4359 filiam
763 4280 851 4361 eius
884 4280 924 4359 in
957 4307 1132 4361 uxorem
1166 4280 1383 4386 acciperet,
1401 4279 1436 4362 si
1453 4280 1520 4360 ille
1538 4280 1580 4361 in
1598 4281 1721 4362 auxi-

307 4399 409 4482 lium
443 4399 531 4484 eius
571 4428 697 4508 super
738 4401 974 4482 Ladizlaum
1018 4401 1189 4483 ueniret.
1233 4400 1332 4483 Dux
1374 4416 1512 4482 autem
1558 4401 1720 4484 Kutesk

308 4521 421 4602 inani
453 4549 528 4630 spe
560 4524 769 4626 seductae,
804 4552 899 4604 cum
934 4550 1084 4628 magna
1115 4523 1381 4605 multitudine
1415 4521 1628 4606 Cunerum
1655 4525 1719 4606 in·

309 4644 466 4726 uadens
507 4643 774 4751 Hungariam,
816 4645 986 4727 deuenit
1025 4672 1160 4752 usque
1193 4645 1235 4725 in
1273 4645 1527 4753 prouinciam
1562 4659 1718 4728 castro·

309 4793 401 4845 rum
433 4764 528 4872 Vng
560 4781 600 4846 et
631 4767 799 4849 Borsua.
833 4765 924 4862 Quo
958 4767 1098 4849 audito
1120 4795 1193 4847 rex
1211 4767 1425 4849 Ladizlaus
1458 4767 1720 4876 irruitsuper

310 4955 516 4964 μιῇ-

419 5021 443 5124 ¹)
471 5023 709 5119 impatibilem.
739 5027 776 5098 Τ.
807 5021 834 5125 ²)
862 5024 946 5099 iure.
976 5027 1050 5100 add.
1079 5026 1117 5099 Τ.
