3896 5758
797 495 951 596 Q

177 707 207 788 Τ
208 723 305 790 anta
347 735 443 814 ergo
491 723 647 814 strages
693 736 784 790 raro
831 713 942 793 facta
975 723 1048 810 est,
1097 725 1253 818 quanta
1298 710 1353 791 ibi
1387 708 1583 816 contigit3

176 831 333 912 riuuius
367 831 476 912 enim
513 832 670 914 Karasu
703 832 888 914 humano
921 833 1121 940 sanguine
1155 833 1195 913 in
1230 847 1391 914 tantum
1426 833 1583 915 mixtus

175 954 318 1054 tuerat,
352 953 462 1060 quod
497 955 665 1034 omnino
698 955 865 1060 sanguis
899 983 989 1036 esse
1022 955 1257 1062 putabatur.
1303 955 1582 1062 iacebantque

175 1074 328 1155 loricati
364 1075 551 1156 homines
585 1075 625 1156 in
658 1075 785 1157 firmio
817 1091 1030 1185 tamquam
1067 1078 1212 1178 trunci,
1246 1104 1372 1184 super
1396 1079 1582 1184 quosfu·

175 1196 332 1300 gientes
366 1197 489 1304 (112)
524 1211 565 1277 et
606 1214 904 1305 persequentes
947 1199 1200 1282 transiebant
1240 1199 1422 1280 riuulmn
1464 1198 1583 1305 quasi

177 1345 303 1425 super
336 1333 516 1424 pontem.
551 1319 839 1402 blactabantur
870 1337 1009 1403 autem
1044 1321 1227 1426 Ilnngari
1261 1334 1475 1428 tamquam
1509 1321 1582 1402 bo·

171 1467 259 1540 nes,
292 1467 370 1520 nec
405 1455 490 1522 erat
538 1443 609 1548 qni
657 1443 877 1524 redimeret
925 1471 994 1525 eos
1028 1444 1078 1524 de
1112 1444 1305 1524 manibus
1352 1469 1580 1546 grecorum.

172 1561 240 1641 (siz
274 1591 370 1642 rero
404 1563 553 1644 t'omes
586 1578 627 1644 et
659 1564 727 1646 alii
760 1565 857 1645 boni
891 1566 1040 1646 milites
1074 1565 1128 1646 ibi
1163 1566 1460 1646 occubuerunt.
1485 1564 1582 1648 Post

173 1684 248 1764 hec
282 1685 506 1791 imperator
539 1700 580 1766 et
612 1714 684 1766 rex
720 1713 794 1794 per
825 1687 968 1768 fideles
1001 1688 1175 1768 mmeios
1209 1701 1496 1769 conuenerunt
1527 1687 1579 1768 ad

170 1806 493 1912 colloquendum
527 1809 769 1912 nauigantes
786 1808 826 1888 in
846 1809 1021 1891 insulam
1042 1835 1123 1916 qne
1156 1809 1311 1890 ciuitati
1344 1795 1535 1890 Bororich
1548 1805 1577 1917 ¹)

169 1928 361 2034 proxima
395 1943 468 2014 est.
502 1929 564 2012 Ibi
599 1957 697 2010 uero
731 1931 837 2011 inter
868 1931 1074 2039 principes
1107 1957 1203 2012 suos
1225 1931 1296 2011 diu
1329 1945 1578 2014 excusantes

171 2063 210 2129 et
244 2050 494 2150 incusantes,
527 2051 693 2132 tandem
729 2079 831 2159 paee
866 2055 1054 2134 roborata
1085 2053 1295 2134 redierunt
1326 2052 1378 2133 ad
1401 2053 1576 2160 propria.

328 2172 417 2252 Rex
451 2172 590 2280 itaque
623 2174 859 2280 Stephanus
892 2176 1023 2256 nmlta
1057 2176 1165 2255 attala
1198 2174 1475 2282 faciebatque
1493 2201 1577 2256 non

168 2294 351 2374 debebat
384 2295 421 2374 in
457 2295 615 2402 impetu
649 2295 773 2376 animi
807 2298 883 2378 sui.
917 2293 1137 2378 Dominam
1174 2295 1446 2377 Christianam
1479 2321 1577 2378 con·

170 2416 313 2516 bussit‚
349 2431 389 2496 et
436 2445 561 2524 snper
608 2418 795 2498 homines
839 2436 1026 2500 cocturas
1068 2447 1163 2499 cmn
1206 2434 1383 2499 stercore
1425 2417 1577 2526 equino

168 2538 349 2618 iaciebat
384 2539 483 2620 fieri.
536 2538 685 2620 Cereos
730 2567 900 2645 magnos
943 2541 1133 2622 ardentes
1175 2541 1213 2620 in
1258 2541 1577 2622 sutulamentum

170 2659 349 2741 hominis
381 2660 532 2742 stillare
565 2661 753 2744 t'aciebat.
791 2661 887 2744 Dux
922 2663 1070 2744 Atratus
1103 2664 1322 2744 seueritate
1354 2664 1459 2769 regis
1486 2660 1576 2744 Ste-

168 2781 296 2888 phani
329 2783 508 2882 minoris,
554 2811 629 2866 seu
671 2784 851 2865 mediam
894 2784 1039 2891 capitis
1072 2783 1395 2865 dimitmeioncm
1429 2811 1576 2893 passus

166 2904 312 2986 fuerat.
349 2903 549 3000 Quamuis
581 2906 725 2987 fuisset
757 2907 991 3006 obcecatm,
1035 2922 1175 2987 tamen
1220 2923 1393 2987 mortem
1426 2907 1576 2990 timens

167 3025 218 3106 de
254 3053 349 3131 rege
382 3026 603 3133 Stephana,
637 3029 811 3134 t'ngierat
844 3029 885 3108 in
918 3029 1120 3108 Greciam.
1153 3027 1232 3123 Qui
1258 3028 1311 3109 ab
1330 3029 1575 3136 imperatore

168 3147 392 3228 honorifice
426 3164 644 3258 susceptus
677 3163 774 3252 erat,
797 3149 976 3258 inposuit
993 3150 1067 3231 sibi
1089 3177 1238 3231 nomen
1258 3149 1575 3250 Constantinus;

167 3271 238 3376 qui
273 3285 314 3350 et
346 3271 400 3352 ibi
436 3272 515 3352 iam
549 3271 707 3379 pridem
742 3271 1006 3354 edificauerat
1033 3272 1243 3353 ciuitatem
1262 3270 1574 3353 Constantinam

166 3392 208 3472 in
244 3390 524 3496 Machedonia‚
558 3393 749 3475 etmulti
783 3394 954 3500 hungari
992 3395 1203 3475 atrocitate
1236 3393 1341 3498 regis
1374 3391 1573 3500 Stephani

166 3515 373 3618 fugierant
403 3516 452 3596 ad
488 3516 636 3621 ipsum.
672 3514 762 3609 Quo
796 3529 957 3596 mortno
991 3541 1139 3622 eorpus
1172 3515 1260 3597 eius
1295 3530 1574 3622 preceptore·

165 3635 226 3740 gis
261 3635 479 3718 Fulhertus
513 3637 731 3744 episcopus
765 3639 999 3744 reportauit,
1037 3651 1077 3717 ct
1109 3639 1150 3719 in
1185 3637 1356 3718 Albensi
1399 3637 1574 3718 ccclesia

165 3757 370 3865 sepeliuit.
417 3759 517 3840 Bela
556 3785 652 3840 vero
684 3758 792 3841 filius
826 3759 914 3842 eius
947 3759 987 3840 in
1020 3757 1231 3864 Hungaria
1263 3759 1424 3841 occulte
1457 3771 1572 3841 tene·

166 3879 290 3962 hatur
321 3907 346 3960 a
377 3881 634 3988 principibus
667 3893 834 3988 propter
864 3881 1045 3963 furorem
1079 3881 1195 3986 regis.
1214 3879 1293 3976 Qui
1311 3907 1455 3963 omnes
1473 3881 1572 3962 inito

165 4001 338 4084 consitio
388 4003 469 4108 regi
518 4003 900 4105 inanifestauerunt,
949 4029 1075 4110 quem
1119 4017 1213 4110 post
1260 4003 1571 4084 excecationem

166 4139 378 4205 mortuum
412 4125 615 4205 credebat.
652 4123 787 4219 Quem
821 4152 916 4206 cum
950 4150 1022 4205 rex
1057 4124 1257 4206 ueraciter
1289 4125 1478 4207 sciuisset
1509 4125 1571 4206 ui-

164 4272 265 4326 uere
299 4273 323 4326 a
355 4246 481 4327 Paulo
524 4245 718 4354 episcopo
752 4260 793 4326 et
824 4245 1022 4328 Othmaro
1056 4248 1218 4349 comite,
1263 4272 1439 4353 quorum
1473 4272 1572 4328 con-

163 4366 347 4448 sciencia
387 4383 569 4448 retentns
611 4381 708 4470 erat,
756 4369 924 4473 gauisus
966 4381 1028 4450 est
1064 4367 1214 4474 gaudio
1255 4395 1416 4473 magno.
1465 4366 1571 4463 Quia

163 4489 325 4596 absque
358 4489 484 4572 dubio
517 4490 674 4571 sciebat
705 4517 749 4572 se
782 4489 976 4570 heredem
1010 4516 1093 4571 non
1127 4489 1291 4572 habero.
1339 4490 1568 4596 Statimque

164 4611 277 4692 misit
308 4612 482 4694 nuncios
515 4611 556 4692 in
589 4609 773 4694 Seruiam
808 4627 849 4692 et
879 4611 1004 4692 filiam
1039 4611 1142 4694 Vros
1175 4611 1335 4694 comitis
1368 4611 1504 4718 magni
1527 4612 1566 4692 in

163 4731 406 4836 legittimam
441 4759 614 4814 uxorem
648 4735 747 4816 Bele
778 4733 1063 4816 traduxerunt.
1097 4731 1187 4832 Que
1220 4762 1301 4815 non
1335 4747 1428 4846 post
1460 4733 1568 4818 mul·

162 4921 331 4932 ——m—
365 4923 372 4928 -

275 4987 300 5094 ¹)
327 4991 497 5072 Boronoh.
527 4993 566 5070 Τ.
