<?xml version="1.0" encoding="UTF-8"?>
<!DOCTYPE html PUBLIC "-//W3C//DTD XHTML 1.0 Transitional//EN"
    "http://www.w3.org/TR/xhtml1/DTD/xhtml1-transitional.dtd">
<html xmlns="http://www.w3.org/1999/xhtml" xml:lang="en" lang="en">
 <head>
  <title>
</title>
<meta http-equiv="Content-Type" content="text/html;charset=utf-8" />
  <meta name='ocr-system' content='tesseract 3.04.00' />
  <meta name='ocr-capabilities' content='ocr_page ocr_carea ocr_par ocr_line ocrx_word'/>
</head>
<body>
  <div class='ocr_page' id='page_1' title='image "./chronicahungaro00florgoog_0207.png"; bbox 0 0 3896 5758; ppageno 0'>
   <div class='ocr_carea' id='block_1_1' title="bbox 949 371 1103 473">
    <p class='ocr_par' dir='ltr' id='par_1_1' title="bbox 949 371 1103 473">
     <span class='ocr_line' id='line_1_1' title="bbox 949 371 1103 473; baseline 0 -35"><span class='ocrx_word' id='word_1_1' title='bbox 949 371 1103 473; x_wconf 48' lang='lat' dir='ltr'>Q</span> 
     </span>
    </p>
   </div>
   <div class='ocr_carea' id='block_1_2' title="bbox 324 585 1733 4722">
    <p class='ocr_par' dir='ltr' id='par_1_2' title="bbox 326 585 1730 1428">
     <span class='ocr_line' id='line_1_2' title="bbox 326 585 1729 696; baseline -0.001 -26"><span class='ocrx_word' id='word_1_2' title='bbox 326 614 451 696; x_wconf 90' lang='lat' dir='ltr'><strong>super</strong></span> <span class='ocrx_word' id='word_1_3' title='bbox 482 585 640 695; x_wconf 88' lang='lat' dir='ltr'><strong>giluum</strong></span> <span class='ocrx_word' id='word_1_4' title='bbox 674 613 828 694; x_wconf 87' lang='lat' dir='ltr'><strong>equum</strong></span> <span class='ocrx_word' id='word_1_5' title='bbox 864 585 904 667; x_wconf 93' lang='lat' dir='ltr'><strong>in</strong></span> <span class='ocrx_word' id='word_1_6' title='bbox 937 585 1062 668; x_wconf 89' lang='lat' dir='ltr'><strong>lorica</strong></span> <span class='ocrx_word' id='word_1_7' title='bbox 1101 588 1309 671; x_wconf 87' lang='lat' dir='ltr'><strong>cucullata</strong></span> <span class='ocrx_word' id='word_1_8' title='bbox 1351 588 1532 692; x_wconf 76' lang='lat' dir='ltr'><strong>euulsuS,</strong></span> <span class='ocrx_word' id='word_1_9' title='bbox 1568 588 1608 670; x_wconf 93' lang='lat' dir='ltr'><strong>in</strong></span> <span class='ocrx_word' id='word_1_10' title='bbox 1643 613 1729 670; x_wconf 92' lang='lat' dir='ltr'><strong>mo·</strong></span> 
     </span>
     <span class='ocr_line' id='line_1_3' title="bbox 327 708 1727 818; baseline -0.001 -27"><span class='ocrx_word' id='word_1_11' title='bbox 327 711 425 793; x_wconf 90' lang='lat' dir='ltr'><strong>dum</strong></span> <span class='ocrx_word' id='word_1_12' title='bbox 459 710 643 792; x_wconf 83' lang='lat' dir='ltr'>fulminis</span> <span class='ocrx_word' id='word_1_13' title='bbox 676 708 762 792; x_wconf 86' lang='lat' dir='ltr'><strong>ictu</strong></span> <span class='ocrx_word' id='word_1_14' title='bbox 793 708 937 790; x_wconf 80' lang='lat' dir='ltr'>lancee</span> <span class='ocrx_word' id='word_1_15' title='bbox 971 721 1092 816; x_wconf 89' lang='lat' dir='ltr'><strong>rupta</strong></span> <span class='ocrx_word' id='word_1_16' title='bbox 1123 711 1249 792; x_wconf 87' lang='lat' dir='ltr'><strong>lorica</strong></span> <span class='ocrx_word' id='word_1_17' title='bbox 1265 711 1432 793; x_wconf 90' lang='lat' dir='ltr'><strong>Petrum</strong></span> <span class='ocrx_word' id='word_1_18' title='bbox 1450 738 1525 818; x_wconf 89' lang='lat' dir='ltr'><strong>per</strong></span> <span class='ocrx_word' id='word_1_19' title='bbox 1543 711 1727 791; x_wconf 91' lang='lat' dir='ltr'><strong>medium</strong></span> 
     </span>
     <span class='ocr_line' id='line_1_4' title="bbox 327 832 1730 938; baseline 0.001 -25"><span class='ocrx_word' id='word_1_20' title='bbox 327 860 396 915; x_wconf 89' lang='lat' dir='ltr'><strong>eor</strong></span> <span class='ocrx_word' id='word_1_21' title='bbox 412 832 626 914; x_wconf 88' lang='lat' dir='ltr'><strong>transfixit.</strong></span> <span class='ocrx_word' id='word_1_22' title='bbox 647 833 694 913; x_wconf 92' lang='lat' dir='ltr'><strong>In</strong></span> <span class='ocrx_word' id='word_1_23' title='bbox 728 832 874 912; x_wconf 90' lang='lat' dir='ltr'><strong>eodem</strong></span> <span class='ocrx_word' id='word_1_24' title='bbox 907 844 1046 912; x_wconf 89' lang='lat' dir='ltr'><strong>autem</strong></span> <span class='ocrx_word' id='word_1_25' title='bbox 1080 832 1190 913; x_wconf 89' lang='lat' dir='ltr'><strong>bello</strong></span> <span class='ocrx_word' id='word_1_26' title='bbox 1223 844 1378 914; x_wconf 84' lang='lat' dir='ltr'><strong>tantam</strong></span> <span class='ocrx_word' id='word_1_27' title='bbox 1402 845 1578 938; x_wconf 87' lang='lat' dir='ltr'><strong>stragem</strong></span> <span class='ocrx_word' id='word_1_28' title='bbox 1614 833 1730 914; x_wconf 87' lang='lat' dir='ltr'><strong>creb-</strong></span> 
     </span>
     <span class='ocr_line' id='line_1_5' title="bbox 326 952 1729 1062; baseline 0 -28"><span class='ocrx_word' id='word_1_29' title='bbox 326 955 379 1036; x_wconf 86' lang='lat' dir='ltr'><strong>ris</strong></span> <span class='ocrx_word' id='word_1_30' title='bbox 412 955 561 1037; x_wconf 89' lang='lat' dir='ltr'><strong>ictibus</strong></span> <span class='ocrx_word' id='word_1_31' title='bbox 593 953 715 1060; x_wconf 79' lang='lat' dir='ltr'>gladii</span> <span class='ocrx_word' id='word_1_32' title='bbox 748 953 811 1035; x_wconf 90' lang='lat' dir='ltr'><strong>sui</strong></span> <span class='ocrx_word' id='word_1_33' title='bbox 843 952 941 1033; x_wconf 89' lang='lat' dir='ltr'><strong>fecit</strong></span> <span class='ocrx_word' id='word_1_34' title='bbox 973 952 1101 1060; x_wconf 70' lang='lat' dir='ltr'><strong>Opus</strong></span> <span class='ocrx_word' id='word_1_35' title='bbox 1136 955 1244 1062; x_wconf 89' lang='lat' dir='ltr'><strong>quod</strong></span> <span class='ocrx_word' id='word_1_36' title='bbox 1279 983 1352 1062; x_wconf 93' lang='lat' dir='ltr'><strong>pre</strong></span> <span class='ocrx_word' id='word_1_37' title='bbox 1385 955 1512 1036; x_wconf 91' lang='lat' dir='ltr'><strong>nimia</strong></span> <span class='ocrx_word' id='word_1_38' title='bbox 1553 955 1729 1062; x_wconf 87' lang='lat' dir='ltr'><strong>recipro-</strong></span> 
     </span>
     <span class='ocr_line' id='line_1_6' title="bbox 327 1073 1728 1184; baseline -0.001 -26"><span class='ocrx_word' id='word_1_39' title='bbox 327 1075 494 1158; x_wconf 89' lang='lat' dir='ltr'><strong>caeione</strong></span> <span class='ocrx_word' id='word_1_40' title='bbox 528 1075 686 1158; x_wconf 90' lang='lat' dir='ltr'><strong>ictuum</strong></span> <span class='ocrx_word' id='word_1_41' title='bbox 720 1074 846 1156; x_wconf 89' lang='lat' dir='ltr'><strong>dexta</strong></span> <span class='ocrx_word' id='word_1_42' title='bbox 878 1073 966 1156; x_wconf 88' lang='lat' dir='ltr'><strong>eius</strong></span> <span class='ocrx_word' id='word_1_43' title='bbox 1000 1075 1243 1180; x_wconf 81' lang='lat' dir='ltr'><strong>obriguerat,</strong></span> <span class='ocrx_word' id='word_1_44' title='bbox 1281 1088 1322 1158; x_wconf 91' lang='lat' dir='ltr'><strong>et</strong></span> <span class='ocrx_word' id='word_1_45' title='bbox 1354 1077 1503 1184; x_wconf 87' lang='lat' dir='ltr'><strong>capulo</strong></span> <span class='ocrx_word' id='word_1_46' title='bbox 1527 1076 1651 1182; x_wconf 87' lang='lat' dir='ltr'><strong>gladii</strong></span> <span class='ocrx_word' id='word_1_47' title='bbox 1668 1077 1728 1160; x_wconf 92' lang='lat' dir='ltr'><strong>sui</strong></span> 
     </span>
     <span class='ocr_line' id='line_1_7' title="bbox 326 1194 1730 1281; baseline -0.001 -1"><span class='ocrx_word' id='word_1_48' title='bbox 326 1198 553 1281; x_wconf 82' lang='lat' dir='ltr'><strong>adheserat.</strong></span> <span class='ocrx_word' id='word_1_49' title='bbox 588 1197 675 1280; x_wconf 85' lang='lat' dir='ltr'><strong>Rex</strong></span> <span class='ocrx_word' id='word_1_50' title='bbox 710 1208 848 1277; x_wconf 86' lang='lat' dir='ltr'><strong>autem</strong></span> <span class='ocrx_word' id='word_1_51' title='bbox 882 1194 1078 1278; x_wconf 85' lang='lat' dir='ltr'><strong>Salomon</strong></span> <span class='ocrx_word' id='word_1_52' title='bbox 1111 1215 1152 1278; x_wconf 92' lang='lat' dir='ltr'><strong>et</strong></span> <span class='ocrx_word' id='word_1_53' title='bbox 1182 1199 1367 1280; x_wconf 86' lang='lat' dir='ltr'><strong>maxime</strong></span> <span class='ocrx_word' id='word_1_54' title='bbox 1399 1199 1621 1280; x_wconf 80' lang='lat' dir='ltr'><strong>theotonici</strong></span> <span class='ocrx_word' id='word_1_55' title='bbox 1654 1199 1730 1279; x_wconf 90' lang='lat' dir='ltr'><strong>mi·</strong></span> 
     </span>
     <span class='ocr_line' id='line_1_8' title="bbox 326 1317 1505 1428; baseline 0.001 -27"><span class='ocrx_word' id='word_1_56' title='bbox 326 1321 525 1403; x_wconf 80' lang='lat' dir='ltr'><strong>rebantur</strong></span> <span class='ocrx_word' id='word_1_57' title='bbox 556 1319 608 1400; x_wconf 92' lang='lat' dir='ltr'><strong>de</strong></span> <span class='ocrx_word' id='word_1_58' title='bbox 640 1318 833 1428; x_wconf 88' lang='lat' dir='ltr'><strong>potencia</strong></span> <span class='ocrx_word' id='word_1_59' title='bbox 864 1331 906 1399; x_wconf 87' lang='lat' dir='ltr'><strong>et</strong></span> <span class='ocrx_word' id='word_1_60' title='bbox 937 1317 1108 1400; x_wconf 86' lang='lat' dir='ltr'><strong>audacia</strong></span> <span class='ocrx_word' id='word_1_61' title='bbox 1141 1317 1258 1427; x_wconf 91' lang='lat' dir='ltr'><strong>Opus</strong></span> <span class='ocrx_word' id='word_1_62' title='bbox 1290 1319 1333 1402; x_wconf 90' lang='lat' dir='ltr'><strong>in</strong></span> <span class='ocrx_word' id='word_1_63' title='bbox 1364 1319 1505 1428; x_wconf 77' lang='lat' dir='ltr'><strong>prelio,</strong></span> 
     </span>
    </p>

    <p class='ocr_par' dir='ltr' id='par_1_3' title="bbox 324 1439 1733 4332">
     <span class='ocr_line' id='line_1_9' title="bbox 481 1439 1729 1552; baseline -0.001 -30"><span class='ocrx_word' id='word_1_64' title='bbox 481 1441 570 1523; x_wconf 86' lang='lat' dir='ltr'><strong>Rex</strong></span> <span class='ocrx_word' id='word_1_65' title='bbox 601 1441 816 1523; x_wconf 86' lang='lat' dir='ltr'><strong>uictoriam</strong></span> <span class='ocrx_word' id='word_1_66' title='bbox 849 1439 1004 1547; x_wconf 88' lang='lat' dir='ltr'><strong>potitus</strong></span> <span class='ocrx_word' id='word_1_67' title='bbox 1037 1441 1225 1524; x_wconf 80' lang='lat' dir='ltr'><strong>transicit</strong></span> <span class='ocrx_word' id='word_1_68' title='bbox 1246 1442 1436 1552; x_wconf 87' lang='lat' dir='ltr'><strong>Tysciam</strong></span> <span class='ocrx_word' id='word_1_69' title='bbox 1455 1441 1729 1547; x_wconf 84' lang='lat' dir='ltr'><strong>congellatam</strong></span> 
     </span>
     <span class='ocr_line' id='line_1_10' title="bbox 325 1561 1733 1672; baseline -0.001 -27"><span class='ocrx_word' id='word_1_70' title='bbox 325 1565 367 1646; x_wconf 90' lang='lat' dir='ltr'><strong>in</strong></span> <span class='ocrx_word' id='word_1_71' title='bbox 399 1562 590 1672; x_wconf 88' lang='lat' dir='ltr'><strong>&#39;llroroyd</strong></span> <span class='ocrx_word' id='word_1_72' title='bbox 623 1576 664 1644; x_wconf 90' lang='lat' dir='ltr'><strong>et</strong></span> <span class='ocrx_word' id='word_1_73' title='bbox 696 1561 909 1645; x_wconf 87' lang='lat' dir='ltr'><strong>descendit</strong></span> <span class='ocrx_word' id='word_1_74' title='bbox 940 1563 980 1642; x_wconf 91' lang='lat' dir='ltr'><strong>in</strong></span> <span class='ocrx_word' id='word_1_75' title='bbox 1015 1563 1127 1644; x_wconf 87' lang='lat' dir='ltr'><strong>curia</strong></span> <span class='ocrx_word' id='word_1_76' title='bbox 1158 1561 1229 1644; x_wconf 93' lang='lat' dir='ltr'><strong>filii</strong></span> <span class='ocrx_word' id='word_1_77' title='bbox 1262 1563 1368 1646; x_wconf 91' lang='lat' dir='ltr'><strong>Petri</strong></span> <span class='ocrx_word' id='word_1_78' title='bbox 1400 1565 1540 1672; x_wconf 88' lang='lat' dir='ltr'><strong>ibique</strong></span> <span class='ocrx_word' id='word_1_79' title='bbox 1573 1563 1733 1644; x_wconf 91' lang='lat' dir='ltr'><strong>audiuit</strong></span> 
     </span>
     <span class='ocr_line' id='line_1_11' title="bbox 328 1682 1729 1794; baseline -0.004 -26"><span class='ocrx_word' id='word_1_80' title='bbox 328 1687 507 1794; x_wconf 88' lang='lat' dir='ltr'><strong>Geysam</strong></span> <span class='ocrx_word' id='word_1_81' title='bbox 550 1686 742 1767; x_wconf 87' lang='lat' dir='ltr'><strong>obuiasse</strong></span> <span class='ocrx_word' id='word_1_82' title='bbox 784 1682 973 1765; x_wconf 89' lang='lat' dir='ltr'><strong>Ladizlao</strong></span> <span class='ocrx_word' id='word_1_83' title='bbox 1018 1697 1058 1764; x_wconf 91' lang='lat' dir='ltr'><strong>et</strong></span> <span class='ocrx_word' id='word_1_84' title='bbox 1091 1683 1261 1766; x_wconf 84' lang='lat' dir='ltr'><strong>Ottlroni</strong></span> <span class='ocrx_word' id='word_1_85' title='bbox 1295 1686 1390 1793; x_wconf 82' lang='lat'>(83)</span> <span class='ocrx_word' id='word_1_86' title='bbox 1423 1686 1601 1768; x_wconf 91' lang='lat' dir='ltr'><strong>ducibus</strong></span> <span class='ocrx_word' id='word_1_87' title='bbox 1634 1712 1729 1766; x_wconf 89' lang='lat' dir='ltr'><strong>cum</strong></span> 
     </span>
     <span class='ocr_line' id='line_1_12' title="bbox 326 1805 1730 1914; baseline -0.003 -24"><span class='ocrx_word' id='word_1_88' title='bbox 326 1805 464 1890; x_wconf 89' lang='lat' dir='ltr'><strong>ualida</strong></span> <span class='ocrx_word' id='word_1_89' title='bbox 496 1807 761 1890; x_wconf 88' lang='lat' dir='ltr'><strong>multitudine</strong></span> <span class='ocrx_word' id='word_1_90' title='bbox 793 1817 1069 1914; x_wconf 85' lang='lat' dir='ltr'><strong>pugnatorum</strong></span> <span class='ocrx_word' id='word_1_91' title='bbox 1103 1807 1155 1888; x_wconf 91' lang='lat' dir='ltr'><strong>ad</strong></span> <span class='ocrx_word' id='word_1_92' title='bbox 1180 1833 1224 1889; x_wconf 89' lang='lat' dir='ltr'><strong>se</strong></span> <span class='ocrx_word' id='word_1_93' title='bbox 1241 1807 1520 1890; x_wconf 90' lang='lat' dir='ltr'><strong>ueniencium.</strong></span> <span class='ocrx_word' id='word_1_94' title='bbox 1538 1805 1616 1888; x_wconf 89' lang='lat' dir='ltr'><strong>Vid</strong></span> <span class='ocrx_word' id='word_1_95' title='bbox 1635 1832 1730 1888; x_wconf 89' lang='lat' dir='ltr'><strong>vero</strong></span> 
     </span>
     <span class='ocr_line' id='line_1_13' title="bbox 328 1927 1729 2037; baseline -0.001 -26"><span class='ocrx_word' id='word_1_96' title='bbox 328 1930 581 2013; x_wconf 90' lang='lat' dir='ltr'><strong>detestabilis</strong></span> <span class='ocrx_word' id='word_1_97' title='bbox 614 1929 787 2035; x_wconf 87' lang='lat' dir='ltr'><strong>urgebat</strong></span> <span class='ocrx_word' id='word_1_98' title='bbox 818 1953 957 2033; x_wconf 88' lang='lat' dir='ltr'><strong>regem</strong></span> <span class='ocrx_word' id='word_1_99' title='bbox 991 1927 1066 2037; x_wconf 91' lang='lat' dir='ltr'><strong>hys</strong></span> <span class='ocrx_word' id='word_1_100' title='bbox 1101 1930 1256 2012; x_wconf 86' lang='lat' dir='ltr'><strong>verbis:</strong></span> <span class='ocrx_word' id='word_1_101' title='bbox 1300 1929 1471 2011; x_wconf 85' lang='lat' dir='ltr'><strong>Nouiter</strong></span> <span class='ocrx_word' id='word_1_102' title='bbox 1502 1929 1729 2012; x_wconf 89' lang='lat' dir='ltr'><strong>exercitum</strong></span> 
     </span>
     <span class='ocr_line' id='line_1_14' title="bbox 327 2049 1729 2154; baseline -0.001 -20"><span class='ocrx_word' id='word_1_103' title='bbox 327 2051 415 2136; x_wconf 90' lang='lat' dir='ltr'><strong>eius</strong></span> <span class='ocrx_word' id='word_1_104' title='bbox 449 2051 715 2152; x_wconf 80' lang='lat' dir='ltr'><strong>confecimus,</strong></span> <span class='ocrx_word' id='word_1_105' title='bbox 748 2049 969 2132; x_wconf 90' lang='lat' dir='ltr'><strong>nobiliores</strong></span> <span class='ocrx_word' id='word_1_106' title='bbox 996 2051 1234 2154; x_wconf 89' lang='lat' dir='ltr'><strong>occidimus,</strong></span> <span class='ocrx_word' id='word_1_107' title='bbox 1266 2053 1455 2134; x_wconf 86' lang='lat' dir='ltr'><strong>timorem</strong></span> <span class='ocrx_word' id='word_1_108' title='bbox 1491 2051 1527 2132; x_wconf 93' lang='lat' dir='ltr'><strong>ei</strong></span> <span class='ocrx_word' id='word_1_109' title='bbox 1560 2051 1729 2133; x_wconf 91' lang='lat' dir='ltr'><strong>immisi·</strong></span> 
     </span>
     <span class='ocr_line' id='line_1_15' title="bbox 328 2173 1729 2278; baseline -0.001 -23"><span class='ocrx_word' id='word_1_110' title='bbox 328 2201 433 2278; x_wconf 78' lang='lat' dir='ltr'><strong>mna,</strong></span> <span class='ocrx_word' id='word_1_111' title='bbox 483 2187 525 2256; x_wconf 89' lang='lat' dir='ltr'><strong>et</strong></span> <span class='ocrx_word' id='word_1_112' title='bbox 572 2200 685 2256; x_wconf 90' lang='lat' dir='ltr'><strong>nunc</strong></span> <span class='ocrx_word' id='word_1_113' title='bbox 732 2197 874 2255; x_wconf 88' lang='lat' dir='ltr'><strong>seruos</strong></span> <span class='ocrx_word' id='word_1_114' title='bbox 913 2173 1188 2278; x_wconf 75' lang='lat' dir='ltr'><strong>congregabit,</strong></span> <span class='ocrx_word' id='word_1_115' title='bbox 1233 2200 1435 2257; x_wconf 85' lang='lat' dir='ltr'><strong>messores</strong></span> <span class='ocrx_word' id='word_1_116' title='bbox 1470 2173 1729 2274; x_wconf 73' lang='lat' dir='ltr'><strong>coadunant,</strong></span> 
     </span>
     <span class='ocr_line' id='line_1_16' title="bbox 326 2293 1728 2401; baseline 0 -24"><span class='ocrx_word' id='word_1_117' title='bbox 326 2307 368 2378; x_wconf 89' lang='lat' dir='ltr'><strong>et</strong></span> <span class='ocrx_word' id='word_1_118' title='bbox 400 2322 541 2378; x_wconf 89' lang='lat' dir='ltr'><strong>eorum</strong></span> <span class='ocrx_word' id='word_1_119' title='bbox 576 2295 739 2401; x_wconf 87' lang='lat' dir='ltr'><strong>agmine</strong></span> <span class='ocrx_word' id='word_1_120' title='bbox 772 2321 816 2375; x_wconf 91' lang='lat' dir='ltr'><strong>se</strong></span> <span class='ocrx_word' id='word_1_121' title='bbox 850 2293 1031 2400; x_wconf 79' lang='lat' dir='ltr'><strong>stipatrit.</strong></span> <span class='ocrx_word' id='word_1_122' title='bbox 1062 2293 1195 2376; x_wconf 89' lang='lat' dir='ltr'><strong>Nicbil</strong></span> <span class='ocrx_word' id='word_1_123' title='bbox 1230 2322 1324 2401; x_wconf 87' lang='lat' dir='ltr'><strong>ergo</strong></span> <span class='ocrx_word' id='word_1_124' title='bbox 1358 2296 1409 2376; x_wconf 93' lang='lat' dir='ltr'><strong>de</strong></span> <span class='ocrx_word' id='word_1_125' title='bbox 1443 2297 1500 2378; x_wconf 87' lang='lat' dir='ltr'><strong>eis</strong></span> <span class='ocrx_word' id='word_1_126' title='bbox 1529 2295 1728 2377; x_wconf 84' lang='lat' dir='ltr'><strong>debemus</strong></span> 
     </span>
     <span class='ocr_line' id='line_1_17' title="bbox 326 2416 1727 2523; baseline -0.001 -25"><span class='ocrx_word' id='word_1_127' title='bbox 326 2417 526 2522; x_wconf 85' lang='lat' dir='ltr'><strong>dubitare,</strong></span> <span class='ocrx_word' id='word_1_128' title='bbox 555 2417 654 2523; x_wconf 91' lang='lat' dir='ltr'><strong>quin</strong></span> <span class='ocrx_word' id='word_1_129' title='bbox 688 2443 758 2498; x_wconf 91' lang='lat' dir='ltr'><strong>eos</strong></span> <span class='ocrx_word' id='word_1_130' title='bbox 790 2416 830 2496; x_wconf 92' lang='lat' dir='ltr'><strong>in</strong></span> <span class='ocrx_word' id='word_1_131' title='bbox 867 2427 1076 2496; x_wconf 88' lang='lat' dir='ltr'><strong>momento</strong></span> <span class='ocrx_word' id='word_1_132' title='bbox 1109 2417 1415 2500; x_wconf 87' lang='lat' dir='ltr'><strong>deuorabinms.</strong></span> <span class='ocrx_word' id='word_1_133' title='bbox 1459 2417 1727 2498; x_wconf 86' lang='lat' dir='ltr'><strong>Bolremicnm</strong></span> 
     </span>
     <span class='ocr_line' id='line_1_18' title="bbox 325 2537 1729 2648; baseline -0.001 -26"><span class='ocrx_word' id='word_1_134' title='bbox 325 2567 427 2623; x_wconf 90' lang='lat' dir='ltr'><strong>uero</strong></span> <span class='ocrx_word' id='word_1_135' title='bbox 460 2565 609 2646; x_wconf 86' lang='lat' dir='ltr'><strong>agmen</strong></span> <span class='ocrx_word' id='word_1_136' title='bbox 639 2539 832 2621; x_wconf 88' lang='lat' dir='ltr'><strong>omnibus</strong></span> <span class='ocrx_word' id='word_1_137' title='bbox 881 2537 1171 2620; x_wconf 83' lang='lat' dir='ltr'><strong>consodalibus</strong></span> <span class='ocrx_word' id='word_1_138' title='bbox 1220 2541 1322 2620; x_wconf 87' lang='lat' dir='ltr'><strong>meis</strong></span> <span class='ocrx_word' id='word_1_139' title='bbox 1370 2539 1729 2648; x_wconf 81' lang='lat' dir='ltr'><strong>acquiescentibus</strong></span> 
     </span>
     <span class='ocr_line' id='line_1_19' title="bbox 325 2660 1725 2770; baseline -0.001 -27"><span class='ocrx_word' id='word_1_140' title='bbox 325 2689 401 2767; x_wconf 91' lang='lat' dir='ltr'><strong>ego</strong></span> <span class='ocrx_word' id='word_1_141' title='bbox 436 2690 532 2744; x_wconf 92' lang='lat' dir='ltr'><strong>cum</strong></span> <span class='ocrx_word' id='word_1_142' title='bbox 565 2660 862 2743; x_wconf 87' lang='lat' dir='ltr'><strong>Baclriensibus</strong></span> <span class='ocrx_word' id='word_1_143' title='bbox 896 2675 1130 2765; x_wconf 85' lang='lat' dir='ltr'><strong>premature</strong></span> <span class='ocrx_word' id='word_1_144' title='bbox 1165 2662 1306 2743; x_wconf 87' lang='lat' dir='ltr'><strong>mortis</strong></span> <span class='ocrx_word' id='word_1_145' title='bbox 1325 2662 1517 2770; x_wconf 86' lang='lat' dir='ltr'><strong>periculis</strong></span> <span class='ocrx_word' id='word_1_146' title='bbox 1539 2660 1725 2743; x_wconf 83' lang='lat' dir='ltr'><strong>afficiam.</strong></span> 
     </span>
     <span class='ocr_line' id='line_1_20' title="bbox 324 2780 1727 2892; baseline -0.003 -27"><span class='ocrx_word' id='word_1_147' title='bbox 324 2784 460 2892; x_wconf 85' lang='lat' dir='ltr'><strong>Erney</strong></span> <span class='ocrx_word' id='word_1_148' title='bbox 496 2800 634 2865; x_wconf 90' lang='lat' dir='ltr'><strong>autem</strong></span> <span class='ocrx_word' id='word_1_149' title='bbox 670 2808 835 2890; x_wconf 87' lang='lat' dir='ltr'><strong>semper</strong></span> <span class='ocrx_word' id='word_1_150' title='bbox 865 2780 979 2888; x_wconf 81' lang='lat' dir='ltr'><strong>paris</strong></span> <span class='ocrx_word' id='word_1_151' title='bbox 1013 2797 1181 2886; x_wconf 75' lang='lat' dir='ltr'><strong>ornatis,</strong></span> <span class='ocrx_word' id='word_1_152' title='bbox 1227 2813 1321 2865; x_wconf 87' lang='lat' dir='ltr'><strong>eum</strong></span> <span class='ocrx_word' id='word_1_153' title='bbox 1361 2785 1439 2864; x_wconf 89' lang='lat' dir='ltr'><strong>lmc</strong></span> <span class='ocrx_word' id='word_1_154' title='bbox 1472 2783 1632 2864; x_wconf 89' lang='lat' dir='ltr'><strong>audiuit</strong></span> <span class='ocrx_word' id='word_1_155' title='bbox 1662 2781 1727 2862; x_wconf 80' lang='lat' dir='ltr'><strong>fle-</strong></span> 
     </span>
     <span class='ocr_line' id='line_1_21' title="bbox 325 2903 1728 3008; baseline -0.003 -20"><span class='ocrx_word' id='word_1_156' title='bbox 325 2907 407 2988; x_wconf 89' lang='lat' dir='ltr'><strong>bat.</strong></span> <span class='ocrx_word' id='word_1_157' title='bbox 441 2903 574 3001; x_wconf 84' lang='lat' dir='ltr'><strong>Quem</strong></span> <span class='ocrx_word' id='word_1_158' title='bbox 610 2934 705 2986; x_wconf 88' lang='lat' dir='ltr'><strong>eum</strong></span> <span class='ocrx_word' id='word_1_159' title='bbox 740 2904 932 2984; x_wconf 87' lang='lat' dir='ltr'><strong>Salomon</strong></span> <span class='ocrx_word' id='word_1_160' title='bbox 966 2904 1137 2986; x_wconf 87' lang='lat' dir='ltr'><strong>uidisset</strong></span> <span class='ocrx_word' id='word_1_161' title='bbox 1169 2906 1277 3008; x_wconf 81' lang='lat' dir='ltr'><strong>llere,</strong></span> <span class='ocrx_word' id='word_1_162' title='bbox 1311 2907 1436 2987; x_wconf 81' lang='lat' dir='ltr'><strong>dixit:</strong></span> <span class='ocrx_word' id='word_1_163' title='bbox 1479 2905 1628 2986; x_wconf 84' lang='lat' dir='ltr'><strong>Comes</strong></span> <span class='ocrx_word' id='word_1_164' title='bbox 1660 2903 1728 2984; x_wconf 82' lang='lat' dir='ltr'><strong>Er·</strong></span> 
     </span>
     <span class='ocr_line' id='line_1_22' title="bbox 325 3025 1726 3137; baseline -0.004 -28"><span class='ocrx_word' id='word_1_165' title='bbox 325 3055 418 3137; x_wconf 88' lang='lat' dir='ltr'><strong>ney,</strong></span> <span class='ocrx_word' id='word_1_166' title='bbox 452 3028 618 3110; x_wconf 91' lang='lat' dir='ltr'><strong>uidetur</strong></span> <span class='ocrx_word' id='word_1_167' title='bbox 651 3027 773 3108; x_wconf 85' lang='lat' dir='ltr'><strong>michi</strong></span> <span class='ocrx_word' id='word_1_168' title='bbox 809 3025 918 3132; x_wconf 89' lang='lat' dir='ltr'><strong>quod</strong></span> <span class='ocrx_word' id='word_1_169' title='bbox 954 3041 998 3105; x_wconf 90' lang='lat' dir='ltr'><strong>tu</strong></span> <span class='ocrx_word' id='word_1_170' title='bbox 1032 3025 1164 3108; x_wconf 87' lang='lat' dir='ltr'><strong>tidelis</strong></span> <span class='ocrx_word' id='word_1_171' title='bbox 1197 3029 1251 3109; x_wconf 92' lang='lat' dir='ltr'><strong>sis</strong></span> <span class='ocrx_word' id='word_1_172' title='bbox 1285 3029 1392 3128; x_wconf 66' lang='grc' dir='ltr'><strong>(ἰιιυῑ,</strong></span> <span class='ocrx_word' id='word_1_173' title='bbox 1442 3025 1726 3110; x_wconf 88' lang='lat' dir='ltr'><strong>tanturmnodo</strong></span> 
     </span>
     <span class='ocr_line' id='line_1_23' title="bbox 325 3146 1727 3258; baseline -0.003 -26"><span class='ocrx_word' id='word_1_174' title='bbox 325 3151 434 3258; x_wconf 89' lang='lat' dir='ltr'><strong>apud</strong></span> <span class='ocrx_word' id='word_1_175' title='bbox 469 3177 536 3231; x_wconf 91' lang='lat' dir='ltr'><strong>me</strong></span> <span class='ocrx_word' id='word_1_176' title='bbox 570 3151 788 3232; x_wconf 85' lang='lat' dir='ltr'><strong>simulatus</strong></span> <span class='ocrx_word' id='word_1_177' title='bbox 821 3173 977 3227; x_wconf 70' lang='lat' dir='ltr'><strong>manis.</strong></span> <span class='ocrx_word' id='word_1_178' title='bbox 1012 3146 1086 3227; x_wconf 80' lang='lat' dir='ltr'><strong>Cui</strong></span> <span class='ocrx_word' id='word_1_179' title='bbox 1121 3148 1254 3258; x_wconf 76' lang='lat' dir='ltr'><strong>Erney</strong></span> <span class='ocrx_word' id='word_1_180' title='bbox 1294 3150 1522 3258; x_wconf 81' lang='lat' dir='ltr'><strong>respondit:</strong></span> <span class='ocrx_word' id='word_1_181' title='bbox 1565 3148 1727 3255; x_wconf 81' lang='lat' dir='ltr'><strong>Nequa-</strong></span> 
     </span>
     <span class='ocr_line' id='line_1_24' title="bbox 326 3269 1727 3381; baseline -0.004 -27"><span class='ocrx_word' id='word_1_182' title='bbox 326 3301 449 3381; x_wconf 88' lang='lat' dir='ltr'><strong>quam</strong></span> <span class='ocrx_word' id='word_1_183' title='bbox 485 3272 663 3372; x_wconf 82' lang='lat' dir='ltr'><strong>domine‚</strong></span> <span class='ocrx_word' id='word_1_184' title='bbox 699 3271 768 3352; x_wconf 89' lang='lat' dir='ltr'><strong>sed</strong></span> <span class='ocrx_word' id='word_1_185' title='bbox 805 3269 969 3370; x_wconf 82' lang='lat' dir='ltr'><strong>nollem,</strong></span> <span class='ocrx_word' id='word_1_186' title='bbox 1004 3271 1112 3374; x_wconf 90' lang='lat' dir='ltr'><strong>quod</strong></span> <span class='ocrx_word' id='word_1_187' title='bbox 1148 3300 1242 3352; x_wconf 83' lang='lat' dir='ltr'><strong>cum</strong></span> <span class='ocrx_word' id='word_1_188' title='bbox 1285 3273 1479 3354; x_wconf 84' lang='lat' dir='ltr'><strong>fratribus</strong></span> <span class='ocrx_word' id='word_1_189' title='bbox 1512 3271 1593 3352; x_wconf 88' lang='lat' dir='ltr'><strong>tuis</strong></span> <span class='ocrx_word' id='word_1_190' title='bbox 1627 3297 1727 3377; x_wconf 84' lang='lat' dir='ltr'><strong>pug-</strong></span> 
     </span>
     <span class='ocr_line' id='line_1_25' title="bbox 325 3389 1726 3498; baseline -0.004 -21"><span class='ocrx_word' id='word_1_191' title='bbox 325 3421 456 3498; x_wconf 82' lang='lat' dir='ltr'><strong>nares,</strong></span> <span class='ocrx_word' id='word_1_192' title='bbox 491 3410 531 3477; x_wconf 90' lang='lat' dir='ltr'><strong>et</strong></span> <span class='ocrx_word' id='word_1_193' title='bbox 565 3412 609 3475; x_wconf 88' lang='lat' dir='ltr'><strong>ut</strong></span> <span class='ocrx_word' id='word_1_194' title='bbox 642 3394 791 3473; x_wconf 85' lang='lat' dir='ltr'><strong>milites</strong></span> <span class='ocrx_word' id='word_1_195' title='bbox 825 3389 1101 3471; x_wconf 83' lang='lat' dir='ltr'><strong>interficerent</strong></span> <span class='ocrx_word' id='word_1_196' title='bbox 1119 3420 1162 3474; x_wconf 88' lang='lat' dir='ltr'><strong>se</strong></span> <span class='ocrx_word' id='word_1_197' title='bbox 1195 3394 1244 3473; x_wconf 90' lang='lat' dir='ltr'><strong>ad</strong></span> <span class='ocrx_word' id='word_1_198' title='bbox 1281 3394 1473 3494; x_wconf 73' lang='lat' dir='ltr'><strong>inuicem,</strong></span> <span class='ocrx_word' id='word_1_199' title='bbox 1507 3393 1615 3474; x_wconf 87' lang='lat' dir='ltr'><strong>tilius</strong></span> <span class='ocrx_word' id='word_1_200' title='bbox 1659 3418 1726 3498; x_wconf 88' lang='lat' dir='ltr'><strong>pa·</strong></span> 
     </span>
     <span class='ocr_line' id='line_1_26' title="bbox 326 3512 1728 3624; baseline -0.004 -26"><span class='ocrx_word' id='word_1_201' title='bbox 326 3531 441 3620; x_wconf 89' lang='lat' dir='ltr'><strong>trem,</strong></span> <span class='ocrx_word' id='word_1_202' title='bbox 460 3519 528 3599; x_wconf 87' lang='lat' dir='ltr'><strong>uel</strong></span> <span class='ocrx_word' id='word_1_203' title='bbox 562 3531 678 3624; x_wconf 85' lang='lat' dir='ltr'><strong>pater</strong></span> <span class='ocrx_word' id='word_1_204' title='bbox 709 3514 853 3594; x_wconf 87' lang='lat' dir='ltr'><strong>filium.</strong></span> <span class='ocrx_word' id='word_1_205' title='bbox 887 3512 1046 3592; x_wconf 85' lang='lat' dir='ltr'><strong>Deinde</strong></span> <span class='ocrx_word' id='word_1_206' title='bbox 1081 3512 1156 3595; x_wconf 72' lang='lat' dir='ltr'><strong>t&#39;id</strong></span> <span class='ocrx_word' id='word_1_207' title='bbox 1192 3517 1330 3596; x_wconf 81' lang='lat' dir='ltr'><strong>conriti</strong></span> <span class='ocrx_word' id='word_1_208' title='bbox 1363 3516 1466 3596; x_wconf 83' lang='lat' dir='ltr'><strong>dixit</strong></span> <span class='ocrx_word' id='word_1_209' title='bbox 1498 3513 1728 3622; x_wconf 66' lang='lat' dir='ltr'><strong>Er·rrey:&#39;l‘u</strong></span> 
     </span>
     <span class='ocr_line' id='line_1_27' title="bbox 325 3636 1726 3744; baseline -0.002 -25"><span class='ocrx_word' id='word_1_210' title='bbox 325 3639 469 3721; x_wconf 87' lang='lat' dir='ltr'><strong>laudas</strong></span> <span class='ocrx_word' id='word_1_211' title='bbox 503 3639 669 3720; x_wconf 91' lang='lat' dir='ltr'><strong>domino</strong></span> <span class='ocrx_word' id='word_1_212' title='bbox 703 3663 888 3744; x_wconf 78' lang='lat' dir='ltr'><strong>pugnare</strong></span> <span class='ocrx_word' id='word_1_213' title='bbox 922 3663 1018 3715; x_wconf 81' lang='lat' dir='ltr'><strong>cum</strong></span> <span class='ocrx_word' id='word_1_214' title='bbox 1046 3636 1239 3718; x_wconf 85' lang='lat' dir='ltr'><strong>fratribus</strong></span> <span class='ocrx_word' id='word_1_215' title='bbox 1258 3651 1298 3718; x_wconf 90' lang='lat' dir='ltr'><strong>et</strong></span> <span class='ocrx_word' id='word_1_216' title='bbox 1315 3638 1435 3718; x_wconf 79' lang='lat' dir='ltr'><strong>dieis:</strong></span> <span class='ocrx_word' id='word_1_217' title='bbox 1470 3637 1573 3731; x_wconf 72' lang='lat' dir='ltr'><strong>(luia</strong></span> <span class='ocrx_word' id='word_1_218' title='bbox 1606 3636 1726 3716; x_wconf 80' lang='lat' dir='ltr'><strong>falca-</strong></span> 
     </span>
     <span class='ocr_line' id='line_1_28' title="bbox 325 3757 1728 3865; baseline -0.004 -24"><span class='ocrx_word' id='word_1_219' title='bbox 325 3776 433 3841; x_wconf 89' lang='lat' dir='ltr'><strong>tores</strong></span> <span class='ocrx_word' id='word_1_220' title='bbox 467 3777 508 3841; x_wconf 90' lang='lat' dir='ltr'><strong>et</strong></span> <span class='ocrx_word' id='word_1_221' title='bbox 538 3763 748 3842; x_wconf 73' lang='lat' dir='ltr'><strong>furcantes</strong></span> <span class='ocrx_word' id='word_1_222' title='bbox 790 3757 1075 3838; x_wconf 81' lang='lat' dir='ltr'><strong>coadunasset.</strong></span> <span class='ocrx_word' id='word_1_223' title='bbox 1109 3757 1213 3840; x_wconf 82' lang='lat' dir='ltr'><strong>Vide</strong></span> <span class='ocrx_word' id='word_1_224' title='bbox 1255 3761 1348 3865; x_wconf 90' lang='lat' dir='ltr'><strong>quia</strong></span> <span class='ocrx_word' id='word_1_225' title='bbox 1393 3759 1490 3840; x_wconf 89' lang='lat' dir='ltr'><strong>mile</strong></span> <span class='ocrx_word' id='word_1_226' title='bbox 1532 3759 1728 3839; x_wconf 79' lang='lat' dir='ltr'><strong>falsantes</strong></span> 
     </span>
     <span class='ocr_line' id='line_1_29' title="bbox 328 3877 1726 3990; baseline -0.005 -26"><span class='ocrx_word' id='word_1_227' title='bbox 328 3883 438 3990; x_wconf 91' lang='lat' dir='ltr'><strong>quod</strong></span> <span class='ocrx_word' id='word_1_228' title='bbox 473 3882 671 3983; x_wconf 79' lang='lat' dir='ltr'><strong>incidunt,</strong></span> <span class='ocrx_word' id='word_1_229' title='bbox 722 3881 867 3960; x_wconf 67' lang='lat' dir='ltr'><strong>decem</strong></span> <span class='ocrx_word' id='word_1_230' title='bbox 910 3877 1022 3958; x_wconf 91' lang='lat' dir='ltr'><strong>milia</strong></span> <span class='ocrx_word' id='word_1_231' title='bbox 1062 3881 1313 3961; x_wconf 74' lang='lat' dir='ltr'><strong>firmatorum</strong></span> <span class='ocrx_word' id='word_1_232' title='bbox 1357 3907 1605 3984; x_wconf 79' lang='lat' dir='ltr'><strong>congregare</strong></span> <span class='ocrx_word' id='word_1_233' title='bbox 1648 3905 1726 3959; x_wconf 84' lang='lat' dir='ltr'><strong>non</strong></span> 
     </span>
     <span class='ocr_line' id='line_1_30' title="bbox 326 3999 1729 4113; baseline -0.004 -29"><span class='ocrx_word' id='word_1_234' title='bbox 326 4019 563 4113; x_wconf 88' lang='lat' dir='ltr'><strong>potuerunt,</strong></span> <span class='ocrx_word' id='word_1_235' title='bbox 599 4020 639 4084; x_wconf 88' lang='lat' dir='ltr'><strong>et</strong></span> <span class='ocrx_word' id='word_1_236' title='bbox 671 4003 829 4108; x_wconf 84' lang='lat' dir='ltr'><strong>absque</strong></span> <span class='ocrx_word' id='word_1_237' title='bbox 857 4000 934 4079; x_wconf 84' lang='lat' dir='ltr'><strong>(leo</strong></span> <span class='ocrx_word' id='word_1_238' title='bbox 961 4027 1179 4084; x_wconf 84' lang='lat' dir='ltr'><strong>munerare</strong></span> <span class='ocrx_word' id='word_1_239' title='bbox 1193 3999 1220 4110; x_wconf 82' lang='lat'><strong>¹)</strong></span> <span class='ocrx_word' id='word_1_240' title='bbox 1252 4033 1331 4082; x_wconf 70' lang='lat' dir='ltr'><strong>ntur</strong></span> <span class='ocrx_word' id='word_1_241' title='bbox 1366 4003 1579 4084; x_wconf 89' lang='lat' dir='ltr'><strong>ualebunt.</strong></span> <span class='ocrx_word' id='word_1_242' title='bbox 1606 4001 1729 4082; x_wconf 79' lang='lat' dir='ltr'><strong>Nobis</strong></span> 
     </span>
     <span class='ocr_line' id='line_1_31' title="bbox 326 4121 1729 4234; baseline -0.004 -26"><span class='ocrx_word' id='word_1_243' title='bbox 326 4141 471 4234; x_wconf 89' lang='lat' dir='ltr'><strong>aptum</strong></span> <span class='ocrx_word' id='word_1_244' title='bbox 504 4140 566 4209; x_wconf 89' lang='lat' dir='ltr'><strong>est</strong></span> <span class='ocrx_word' id='word_1_245' title='bbox 599 4152 671 4234; x_wconf 89' lang='lat' dir='ltr'><strong>pro</strong></span> <span class='ocrx_word' id='word_1_246' title='bbox 704 4151 798 4228; x_wconf 85' lang='lat' dir='ltr'><strong>rege</strong></span> <span class='ocrx_word' id='word_1_247' title='bbox 833 4121 946 4224; x_wconf 83' lang='lat' dir='ltr'><strong>mori,</strong></span> <span class='ocrx_word' id='word_1_248' title='bbox 980 4123 1050 4202; x_wconf 84' lang='lat' dir='ltr'><strong>sed</strong></span> <span class='ocrx_word' id='word_1_249' title='bbox 1086 4139 1194 4206; x_wconf 87' lang='lat' dir='ltr'><strong>esset</strong></span> <span class='ocrx_word' id='word_1_250' title='bbox 1226 4125 1375 4207; x_wconf 84' lang='lat' dir='ltr'><strong>melius</strong></span> <span class='ocrx_word' id='word_1_251' title='bbox 1408 4137 1453 4206; x_wconf 88' lang='lat' dir='ltr'><strong>ut</strong></span> <span class='ocrx_word' id='word_1_252' title='bbox 1471 4124 1625 4231; x_wconf 84' lang='lat' dir='ltr'><strong>pociori</strong></span> <span class='ocrx_word' id='word_1_253' title='bbox 1643 4135 1729 4204; x_wconf 90' lang='lat' dir='ltr'><strong>nte·</strong></span> 
     </span>
     <span class='ocr_line' id='line_1_32' title="bbox 326 4249 677 4332; baseline 0 -2"><span class='ocrx_word' id='word_1_254' title='bbox 326 4277 465 4332; x_wconf 88' lang='lat' dir='ltr'><strong>remur</strong></span> <span class='ocrx_word' id='word_1_255' title='bbox 497 4249 677 4331; x_wconf 86' lang='lat' dir='ltr'><strong>consilio.</strong></span> 
     </span>
    </p>

    <p class='ocr_par' dir='ltr' id='par_1_4' title="bbox 327 4365 1728 4722">
     <span class='ocr_line' id='line_1_33' title="bbox 501 4365 1727 4474; baseline -0.005 -23"><span class='ocrx_word' id='word_1_256' title='bbox 501 4373 568 4451; x_wconf 82' lang='lat' dir='ltr'><strong>lox</strong></span> <span class='ocrx_word' id='word_1_257' title='bbox 614 4399 708 4472; x_wconf 79' lang='lat' dir='ltr'><strong>ergo</strong></span> <span class='ocrx_word' id='word_1_258' title='bbox 753 4370 791 4448; x_wconf 90' lang='lat' dir='ltr'><strong>in</strong></span> <span class='ocrx_word' id='word_1_259' title='bbox 839 4365 978 4448; x_wconf 88' lang='lat' dir='ltr'><strong>uerbis</strong></span> <span class='ocrx_word' id='word_1_260' title='bbox 1018 4365 1110 4474; x_wconf 74' lang='lat' dir='ltr'><strong>l&#39;yd</strong></span> <span class='ocrx_word' id='word_1_261' title='bbox 1150 4370 1361 4451; x_wconf 79' lang='lat' dir='ltr'><strong>conlidens</strong></span> <span class='ocrx_word' id='word_1_262' title='bbox 1394 4368 1603 4452; x_wconf 78' lang='lat' dir='ltr'><strong>festinabit</strong></span> <span class='ocrx_word' id='word_1_263' title='bbox 1637 4395 1727 4450; x_wconf 89' lang='lat' dir='ltr'><strong>cum</strong></span> 
     </span>
     <span class='ocr_line' id='line_1_34' title="bbox 328 4484 1726 4596; baseline -0.004 -22"><span class='ocrx_word' id='word_1_264' title='bbox 328 4495 512 4576; x_wconf 72' lang='lat' dir='ltr'><strong>exercitu</strong></span> <span class='ocrx_word' id='word_1_265' title='bbox 546 4521 633 4594; x_wconf 76' lang='lat' dir='ltr'><strong>suo,</strong></span> <span class='ocrx_word' id='word_1_266' title='bbox 669 4506 708 4572; x_wconf 84' lang='lat' dir='ltr'><strong>et</strong></span> <span class='ocrx_word' id='word_1_267' title='bbox 742 4491 779 4571; x_wconf 91' lang='lat' dir='ltr'><strong>in</strong></span> <span class='ocrx_word' id='word_1_268' title='bbox 815 4499 958 4596; x_wconf 89' lang='lat' dir='ltr'><strong>quarta</strong></span> <span class='ocrx_word' id='word_1_269' title='bbox 993 4487 1094 4570; x_wconf 84' lang='lat' dir='ltr'><strong>feria</strong></span> <span class='ocrx_word' id='word_1_270' title='bbox 1121 4490 1334 4572; x_wconf 86' lang='lat' dir='ltr'><strong>descendit</strong></span> <span class='ocrx_word' id='word_1_271' title='bbox 1363 4492 1401 4572; x_wconf 90' lang='lat' dir='ltr'><strong>in</strong></span> <span class='ocrx_word' id='word_1_272' title='bbox 1430 4484 1620 4596; x_wconf 81' lang='lat' dir='ltr'><strong>Rarus.²)</strong></span> <span class='ocrx_word' id='word_1_273' title='bbox 1652 4489 1726 4570; x_wconf 79' lang='lat' dir='ltr'><strong>Sed</strong></span> 
     </span>
     <span class='ocr_line' id='line_1_35' title="bbox 327 4609 1728 4722; baseline -0.004 -24"><span class='ocrx_word' id='word_1_274' title='bbox 327 4632 369 4699; x_wconf 88' lang='lat' dir='ltr'><strong>et</strong></span> <span class='ocrx_word' id='word_1_275' title='bbox 410 4617 538 4698; x_wconf 89' lang='lat' dir='ltr'><strong>duces</strong></span> <span class='ocrx_word' id='word_1_276' title='bbox 580 4615 716 4722; x_wconf 67' lang='lat' dir='ltr'><strong>(leysa</strong></span> <span class='ocrx_word' id='word_1_277' title='bbox 761 4609 983 4710; x_wconf 77' lang='lat' dir='ltr'><strong>ladizlaus,</strong></span> <span class='ocrx_word' id='word_1_278' title='bbox 1029 4625 1069 4689; x_wconf 85' lang='lat' dir='ltr'><strong>et</strong></span> <span class='ocrx_word' id='word_1_279' title='bbox 1112 4611 1236 4694; x_wconf 84' lang='lat' dir='ltr'><strong>Ottlro</strong></span> <span class='ocrx_word' id='word_1_280' title='bbox 1282 4640 1329 4694; x_wconf 88' lang='lat' dir='ltr'><strong>ac</strong></span> <span class='ocrx_word' id='word_1_281' title='bbox 1371 4626 1480 4695; x_wconf 85' lang='lat' dir='ltr'><strong>totns</strong></span> <span class='ocrx_word' id='word_1_282' title='bbox 1522 4613 1728 4696; x_wconf 79' lang='lat' dir='ltr'><strong>exercitus</strong></span> 
     </span>
    </p>
   </div>
   <div class='ocr_carea' id='block_1_3' title="bbox 326 4805 532 4816">
    <p class='ocr_par' dir='ltr' id='par_1_5' title="bbox 326 4805 532 4816">
     <span class='ocr_line' id='line_1_36' title="bbox 326 4805 532 4816; baseline -0.01 0"><span class='ocrx_word' id='word_1_283' title='bbox 326 4805 532 4816; x_wconf 78' lang='lat'>-...--.-—-—-</span> 
     </span>
    </p>
   </div>
   <div class='ocr_carea' id='block_1_4' title="bbox 434 4869 1117 4979">
    <p class='ocr_par' dir='ltr' id='par_1_6' title="bbox 434 4869 1117 4979">
     <span class='ocr_line' id='line_1_37' title="bbox 434 4869 1117 4979; baseline -0.006 -31"><span class='ocrx_word' id='word_1_284' title='bbox 434 4869 459 4979; x_wconf 90' lang='lat'><strong>¹)</strong></span> <span class='ocrx_word' id='word_1_285' title='bbox 489 4897 701 4951; x_wconf 86' lang='lat' dir='ltr'><strong>numeranre.</strong></span> <span class='ocrx_word' id='word_1_286' title='bbox 733 4873 812 4948; x_wconf 78' lang='lat' dir='ltr'><strong>dod.</strong></span> <span class='ocrx_word' id='word_1_287' title='bbox 845 4873 872 4964; x_wconf 83' lang='lat'><strong>²)</strong></span> <span class='ocrx_word' id='word_1_288' title='bbox 902 4870 1049 4946; x_wconf 79' lang='lat' dir='ltr'><strong>Radius.</strong></span> <span class='ocrx_word' id='word_1_289' title='bbox 1079 4871 1117 4948; x_wconf 81' lang='grc' dir='ltr'><strong>Τ.</strong></span> 
     </span>
    </p>
   </div>
   <div class='ocr_carea' id='block_1_5' title="bbox 0 0 1952 5748">
    <p class='ocr_par' dir='ltr' id='par_1_7' title="bbox 0 0 1952 5748">
     <span class='ocr_line' id='line_1_38' title="bbox 0 0 1952 5748; baseline 0 0"><span class='ocrx_word' id='word_1_290' title='bbox 0 0 1952 5748; x_wconf 95' lang='lat' dir='ltr'><strong> </strong></span> 
     </span>
    </p>
   </div>
  </div>
 </body>
</html>
