<?xml version="1.0" encoding="UTF-8"?>
<!DOCTYPE html PUBLIC "-//W3C//DTD XHTML 1.0 Transitional//EN"
    "http://www.w3.org/TR/xhtml1/DTD/xhtml1-transitional.dtd">
<html xmlns="http://www.w3.org/1999/xhtml" xml:lang="en" lang="en">
 <head>
  <title>
</title>
<meta http-equiv="Content-Type" content="text/html;charset=utf-8" />
  <meta name='ocr-system' content='tesseract 3.04.00' />
  <meta name='ocr-capabilities' content='ocr_page ocr_carea ocr_par ocr_line ocrx_word'/>
</head>
<body>
  <div class='ocr_page' id='page_1' title='image "./chronicahungaro00florgoog_0319.png"; bbox 0 0 3898 5752; ppageno 0'>
   <div class='ocr_carea' id='block_1_1' title="bbox 1000 537 1153 638">
    <p class='ocr_par' dir='ltr' id='par_1_1' title="bbox 1000 537 1153 638">
     <span class='ocr_line' id='line_1_1' title="bbox 1000 537 1153 638; baseline 0.013 -2"><span class='ocrx_word' id='word_1_1' title='bbox 1000 629 1018 636; x_wconf 81' lang='grc'>-</span> <span class='ocrx_word' id='word_1_2' title='bbox 1036 537 1105 636; x_wconf 56' lang='lat'>‚234</span> <span class='ocrx_word' id='word_1_3' title='bbox 1117 629 1153 638; x_wconf 76' lang='grc'>,..</span> 
     </span>
    </p>
   </div>
   <div class='ocr_carea' id='block_1_2' title="bbox 279 747 1781 2308">
    <p class='ocr_par' dir='ltr' id='par_1_2' title="bbox 279 747 1781 2308">
     <span class='ocr_line' id='line_1_2' title="bbox 374 747 1779 846; baseline -0.001 -20"><span class='ocrx_word' id='word_1_4' title='bbox 374 749 573 844; x_wconf 86' lang='lat' dir='ltr'>Hungariae</span> <span class='ocrx_word' id='word_1_5' title='bbox 602 749 802 825; x_wconf 85' lang='lat' dir='ltr'>Sclaveniao</span> <span class='ocrx_word' id='word_1_6' title='bbox 834 747 978 823; x_wconf 88' lang='lat' dir='ltr'>ricinis:</span> <span class='ocrx_word' id='word_1_7' title='bbox 1010 747 1191 846; x_wconf 76' lang='lat' dir='ltr'><strong>„Andreas</strong></span> <span class='ocrx_word' id='word_1_8' title='bbox 1220 753 1260 827; x_wconf 91' lang='lat' dir='ltr'>D.</span> <span class='ocrx_word' id='word_1_9' title='bbox 1290 774 1342 846; x_wconf 87' lang='lat' dir='ltr'>gr.</span> <span class='ocrx_word' id='word_1_10' title='bbox 1374 750 1443 824; x_wconf 83' lang='lat' dir='ltr'>dux</span> <span class='ocrx_word' id='word_1_11' title='bbox 1475 750 1581 825; x_wconf 91' lang='lat' dir='ltr'>totius</span> <span class='ocrx_word' id='word_1_12' title='bbox 1602 749 1779 826; x_wconf 89' lang='lat' dir='ltr'>Sclauonie</span> 
     </span>
     <span class='ocr_line' id='line_1_3' title="bbox 279 871 1777 967; baseline -0.001 -19"><span class='ocrx_word' id='word_1_13' title='bbox 279 924 281 933; x_wconf 83' lang='lat'>·</span> <span class='ocrx_word' id='word_1_14' title='bbox 374 873 545 948; x_wconf 86' lang='lat' dir='ltr'>Dalmatia</span> <span class='ocrx_word' id='word_1_15' title='bbox 588 877 623 946; x_wconf 91' lang='lat' dir='ltr'>et</span> <span class='ocrx_word' id='word_1_16' title='bbox 664 872 810 946; x_wconf 77' lang='lat' dir='ltr'>Oroatis.</span> <span class='ocrx_word' id='word_1_17' title='bbox 857 873 956 946; x_wconf 88' lang='lat' dir='ltr'>Hanc</span> <span class='ocrx_word' id='word_1_18' title='bbox 998 873 1182 966; x_wconf 81' lang='lat' dir='ltr'>specialem</span> <span class='ocrx_word' id='word_1_19' title='bbox 1224 873 1292 967; x_wconf 90' lang='lat' dir='ltr'>ipsi</span> <span class='ocrx_word' id='word_1_20' title='bbox 1336 871 1479 948; x_wconf 77' lang='lat' dir='ltr'>ecclesie</span> <span class='ocrx_word' id='word_1_21' title='bbox 1521 872 1777 966; x_wconf 73' lang='lat' dir='ltr'>vesprimiensi,</span> 
     </span>
     <span class='ocr_line' id='line_1_4' title="bbox 374 993 1779 1089; baseline -0.001 -21"><span class='ocrx_word' id='word_1_22' title='bbox 374 1000 634 1070; x_wconf 90' lang='lat' dir='ltr'>nostrorum</span> <span class='ocrx_word' id='word_1_23' title='bbox 661 993 775 1068; x_wconf 87' lang='lat' dir='ltr'>ducti</span> <span class='ocrx_word' id='word_1_24' title='bbox 804 995 1012 1068; x_wconf 91' lang='lat' dir='ltr'>baronum</span> <span class='ocrx_word' id='word_1_25' title='bbox 1040 993 1185 1069; x_wconf 89' lang='lat' dir='ltr'>consilio</span> <span class='ocrx_word' id='word_1_26' title='bbox 1214 994 1344 1069; x_wconf 90' lang='lat' dir='ltr'>salubri</span> <span class='ocrx_word' id='word_1_27' title='bbox 1372 993 1518 1089; x_wconf 88' lang='lat' dir='ltr'>gratiam</span> <span class='ocrx_word' id='word_1_28' title='bbox 1547 993 1706 1070; x_wconf 84' lang='lat' dir='ltr'>duximus</span> <span class='ocrx_word' id='word_1_29' title='bbox 1732 995 1749 1067; x_wconf 90' lang='lat' dir='ltr'>f</span> <span class='ocrx_word' id='word_1_30' title='bbox 1766 1037 1779 1049; x_wconf 94' lang='lat'>-</span> 
     </span>
     <span class='ocr_line' id='line_1_5' title="bbox 373 1114 1779 1210; baseline -0.002 -17"><span class='ocrx_word' id='word_1_31' title='bbox 373 1117 549 1193; x_wconf 87' lang='lat' dir='ltr'>ciendam:</span> <span class='ocrx_word' id='word_1_32' title='bbox 579 1117 667 1210; x_wconf 90' lang='lat' dir='ltr'>quod</span> <span class='ocrx_word' id='word_1_33' title='bbox 696 1117 831 1209; x_wconf 85' lang='lat' dir='ltr'>prefate</span> <span class='ocrx_word' id='word_1_34' title='bbox 861 1115 1004 1188; x_wconf 88' lang='lat' dir='ltr'>ecclesie</span> <span class='ocrx_word' id='word_1_35' title='bbox 1033 1115 1152 1209; x_wconf 90' lang='lat' dir='ltr'>populi</span> <span class='ocrx_word' id='word_1_36' title='bbox 1181 1117 1345 1207; x_wconf 80' lang='lat' dir='ltr'>uniuersi,</span> <span class='ocrx_word' id='word_1_37' title='bbox 1375 1117 1410 1190; x_wconf 92' lang='lat' dir='ltr'>iu</span> <span class='ocrx_word' id='word_1_38' title='bbox 1439 1117 1570 1191; x_wconf 88' lang='lat' dir='ltr'>ambitu</span> <span class='ocrx_word' id='word_1_39' title='bbox 1600 1114 1779 1190; x_wconf 80' lang='lat' dir='ltr'>comitatus</span> 
     </span>
     <span class='ocr_line' id='line_1_6' title="bbox 375 1235 1779 1334; baseline -0.003 -20"><span class='ocrx_word' id='word_1_40' title='bbox 375 1237 694 1334; x_wconf 87' lang='lat' dir='ltr'>Simighieusis</span> <span class='ocrx_word' id='word_1_41' title='bbox 722 1235 1092 1329; x_wconf 76' lang='lat' dir='ltr'>vesprimiensis</span> <span class='ocrx_word' id='word_1_42' title='bbox 1124 1241 1159 1311; x_wconf 93' lang='lat' dir='ltr'>et</span> <span class='ocrx_word' id='word_1_43' title='bbox 1194 1238 1482 1326; x_wconf 87' lang='lat' dir='ltr'>Zaladiensis‚</span> <span class='ocrx_word' id='word_1_44' title='bbox 1511 1237 1546 1311; x_wconf 91' lang='lat' dir='ltr'>in</span> <span class='ocrx_word' id='word_1_45' title='bbox 1575 1239 1779 1331; x_wconf 88' lang='lat' dir='ltr'>quibuscun-</span> 
     </span>
     <span class='ocr_line' id='line_1_7' title="bbox 374 1357 1780 1456; baseline -0.001 -21"><span class='ocrx_word' id='word_1_46' title='bbox 374 1385 438 1456; x_wconf 84' lang='lat' dir='ltr'>que</span> <span class='ocrx_word' id='word_1_47' title='bbox 467 1361 552 1436; x_wconf 94' lang='lat' dir='ltr'>locis</span> <span class='ocrx_word' id='word_1_48' title='bbox 581 1357 773 1448; x_wconf 89' lang='lat' dir='ltr'>constituti,</span> <span class='ocrx_word' id='word_1_49' title='bbox 803 1360 845 1432; x_wconf 90' lang='lat' dir='ltr'>ab</span> <span class='ocrx_word' id='word_1_50' title='bbox 875 1357 966 1432; x_wconf 92' lang='lat' dir='ltr'>omui</span> <span class='ocrx_word' id='word_1_51' title='bbox 995 1357 1234 1434; x_wconf 88' lang='lat' dir='ltr'>iurisdictione</span> <span class='ocrx_word' id='word_1_52' title='bbox 1263 1365 1298 1434; x_wconf 91' lang='lat' dir='ltr'>et</span> <span class='ocrx_word' id='word_1_53' title='bbox 1319 1360 1444 1436; x_wconf 90' lang='lat' dir='ltr'>iudicio</span> <span class='ocrx_word' id='word_1_54' title='bbox 1464 1361 1625 1436; x_wconf 91' lang='lat' dir='ltr'>comitum</span> <span class='ocrx_word' id='word_1_55' title='bbox 1645 1361 1780 1434; x_wconf 90' lang='lat' dir='ltr'>—sint</span> 
     </span>
     <span class='ocr_line' id='line_1_8' title="bbox 374 1479 1779 1577; baseline -0.001 -19"><span class='ocrx_word' id='word_1_56' title='bbox 374 1483 539 1577; x_wconf 79' lang='lat' dir='ltr'>exempti,</span> <span class='ocrx_word' id='word_1_57' title='bbox 559 1485 661 1577; x_wconf 86' lang='lat' dir='ltr'>prout</span> <span class='ocrx_word' id='word_1_58' title='bbox 680 1505 742 1574; x_wconf 91' lang='lat' dir='ltr'>per</span> <span class='ocrx_word' id='word_1_59' title='bbox 760 1479 847 1553; x_wconf 86' lang='lat' dir='ltr'>elios</span> <span class='ocrx_word' id='word_1_60' title='bbox 863 1503 961 1574; x_wconf 90' lang='lat' dir='ltr'>reges</span> <span class='ocrx_word' id='word_1_61' title='bbox 990 1503 1135 1574; x_wconf 84' lang='lat' dir='ltr'>proauos</span> <span class='ocrx_word' id='word_1_62' title='bbox 1164 1487 1198 1554; x_wconf 88' lang='lat' dir='ltr'>et</span> <span class='ocrx_word' id='word_1_63' title='bbox 1220 1483 1481 1576; x_wconf 83' lang='lat' dir='ltr'>predecessores</span> <span class='ocrx_word' id='word_1_64' title='bbox 1502 1485 1640 1558; x_wconf 89' lang='lat' dir='ltr'>nostros</span> <span class='ocrx_word' id='word_1_65' title='bbox 1669 1483 1779 1557; x_wconf 93' lang='lat' dir='ltr'>indul·</span> 
     </span>
     <span class='ocr_line' id='line_1_9' title="bbox 375 1601 1780 1696; baseline -0.001 -17"><span class='ocrx_word' id='word_1_66' title='bbox 375 1611 446 1679; x_wconf 92' lang='lat' dir='ltr'>tum</span> <span class='ocrx_word' id='word_1_67' title='bbox 474 1606 597 1678; x_wconf 87' lang='lat' dir='ltr'>fuerat.</span> <span class='ocrx_word' id='word_1_68' title='bbox 627 1603 664 1677; x_wconf 85' lang='lat' dir='ltr'>si</span> <span class='ocrx_word' id='word_1_69' title='bbox 694 1601 752 1696; x_wconf 91' lang='lat' dir='ltr'>qni</span> <span class='ocrx_word' id='word_1_70' title='bbox 782 1625 860 1676; x_wconf 80' lang='lat' dir='ltr'>reso</span> <span class='ocrx_word' id='word_1_71' title='bbox 887 1601 967 1676; x_wconf 90' lang='lat' dir='ltr'>huic</span> <span class='ocrx_word' id='word_1_72' title='bbox 995 1607 1114 1678; x_wconf 89' lang='lat' dir='ltr'>nostre</span> <span class='ocrx_word' id='word_1_73' title='bbox 1142 1603 1356 1679; x_wconf 86' lang='lat' dir='ltr'>concessioni</span> <span class='ocrx_word' id='word_1_74' title='bbox 1388 1604 1536 1680; x_wconf 86' lang='lat' dir='ltr'>feliciter</span> <span class='ocrx_word' id='word_1_75' title='bbox 1556 1605 1705 1680; x_wconf 83' lang='lat' dir='ltr'>admisse</span> <span class='ocrx_word' id='word_1_76' title='bbox 1725 1627 1780 1678; x_wconf 86' lang='lat' dir='ltr'>ro·</span> 
     </span>
     <span class='ocr_line' id='line_1_10' title="bbox 374 1723 1778 1821; baseline -0.001 -21"><span class='ocrx_word' id='word_1_77' title='bbox 374 1727 503 1800; x_wconf 90' lang='lat' dir='ltr'>luerint</span> <span class='ocrx_word' id='word_1_78' title='bbox 544 1724 727 1814; x_wconf 86' lang='lat' dir='ltr'>contraire,</span> <span class='ocrx_word' id='word_1_79' title='bbox 757 1723 1009 1798; x_wconf 84' lang='lat' dir='ltr'>uindictam</span> <span class='ocrx_word' id='word_1_80' title='bbox 1051 1725 1274 1799; x_wconf 89' lang='lat' dir='ltr'>sentient.</span> <span class='ocrx_word' id='word_1_81' title='bbox 1317 1727 1443 1799; x_wconf 89' lang='lat' dir='ltr'>Datum</span> <span class='ocrx_word' id='word_1_82' title='bbox 1484 1728 1573 1821; x_wconf 92' lang='lat' dir='ltr'>apud</span> <span class='ocrx_word' id='word_1_83' title='bbox 1611 1725 1778 1801; x_wconf 88' lang='lat' dir='ltr'>Kedhida.</span> 
     </span>
     <span class='ocr_line' id='line_1_11' title="bbox 373 1845 1781 1942; baseline -0.001 -18"><span class='ocrx_word' id='word_1_84' title='bbox 373 1848 687 1924; x_wconf 81' lang='lat' dir='ltr'>MOGLXlelI.“</span> <span class='ocrx_word' id='word_1_85' title='bbox 720 1845 771 1918; x_wconf 89' lang='lat' dir='ltr'>De</span> <span class='ocrx_word' id='word_1_86' title='bbox 800 1846 916 1920; x_wconf 90' lang='lat' dir='ltr'>eadem</span> <span class='ocrx_word' id='word_1_87' title='bbox 945 1869 981 1920; x_wconf 93' lang='lat' dir='ltr'>re</span> <span class='ocrx_word' id='word_1_88' title='bbox 1010 1869 1122 1921; x_wconf 87' lang='lat' dir='ltr'>comes</span> <span class='ocrx_word' id='word_1_89' title='bbox 1151 1847 1386 1922; x_wconf 87' lang='lat' dir='ltr'>Zaladiensis:</span> <span class='ocrx_word' id='word_1_90' title='bbox 1418 1849 1514 1942; x_wconf 86' lang='lat' dir='ltr'>„Nos</span> <span class='ocrx_word' id='word_1_91' title='bbox 1533 1850 1685 1924; x_wconf 87' lang='lat' dir='ltr'>Joaunes</span> <span class='ocrx_word' id='word_1_92' title='bbox 1704 1871 1781 1922; x_wconf 90' lang='lat' dir='ltr'>ma·</span> 
     </span>
     <span class='ocr_line' id='line_1_12' title="bbox 373 1967 1780 2066; baseline -0.001 -21"><span class='ocrx_word' id='word_1_93' title='bbox 373 1971 533 2066; x_wconf 88' lang='lat' dir='ltr'>gister</span> <span class='ocrx_word' id='word_1_94' title='bbox 560 1967 908 2042; x_wconf 85' lang='lat' dir='ltr'>Tauernioorum</span> <span class='ocrx_word' id='word_1_95' title='bbox 941 1967 1068 2043; x_wconf 93' lang='lat' dir='ltr'>domini</span> <span class='ocrx_word' id='word_1_96' title='bbox 1098 1967 1234 2043; x_wconf 82' lang='lat' dir='ltr'>Audree</span> <span class='ocrx_word' id='word_1_97' title='bbox 1261 1969 1381 2065; x_wconf 82' lang='lat' dir='ltr'>inclyti</span> <span class='ocrx_word' id='word_1_98' title='bbox 1420 1969 1516 2044; x_wconf 89' lang='lat' dir='ltr'>ducis</span> <span class='ocrx_word' id='word_1_99' title='bbox 1552 1969 1660 2046; x_wconf 89' lang='lat' dir='ltr'>totius</span> <span class='ocrx_word' id='word_1_100' title='bbox 1688 1971 1780 2045; x_wconf 90' lang='lat' dir='ltr'>Scla-</span> 
     </span>
     <span class='ocr_line' id='line_1_13' title="bbox 373 2088 1781 2187; baseline -0.003 -19"><span class='ocrx_word' id='word_1_101' title='bbox 373 2092 471 2168; x_wconf 83' lang='lat' dir='ltr'>ronie</span> <span class='ocrx_word' id='word_1_102' title='bbox 503 2096 537 2165; x_wconf 92' lang='lat' dir='ltr'>et</span> <span class='ocrx_word' id='word_1_103' title='bbox 572 2112 683 2166; x_wconf 91' lang='lat' dir='ltr'>comes</span> <span class='ocrx_word' id='word_1_104' title='bbox 719 2088 947 2164; x_wconf 84' lang='lat' dir='ltr'>Zaladiensis</span> <span class='ocrx_word' id='word_1_105' title='bbox 995 2090 1191 2184; x_wconf 77' lang='lat' dir='ltr'>Capitulum</span> <span class='ocrx_word' id='word_1_106' title='bbox 1232 2091 1374 2165; x_wconf 88' lang='lat' dir='ltr'>ecclesie</span> <span class='ocrx_word' id='word_1_107' title='bbox 1409 2091 1679 2186; x_wconf 66' lang='lat' dir='ltr'>vesprimiensis</span> <span class='ocrx_word' id='word_1_108' title='bbox 1720 2114 1781 2187; x_wconf 91' lang='lat' dir='ltr'>per</span> 
     </span>
     <span class='ocr_line' id='line_1_14' title="bbox 373 2211 1779 2308; baseline -0.001 -20"><span class='ocrx_word' id='word_1_109' title='bbox 373 2237 454 2289; x_wconf 90' lang='lat' dir='ltr'>suos</span> <span class='ocrx_word' id='word_1_110' title='bbox 481 2215 719 2308; x_wconf 80' lang='lat' dir='ltr'>procuratores</span> <span class='ocrx_word' id='word_1_111' title='bbox 748 2211 914 2304; x_wconf 84' lang='lat' dir='ltr'>speciales</span> <span class='ocrx_word' id='word_1_112' title='bbox 943 2213 1104 2286; x_wconf 88' lang='lat' dir='ltr'>fecerunt</span> <span class='ocrx_word' id='word_1_113' title='bbox 1131 2211 1232 2287; x_wconf 92' lang='lat' dir='ltr'>nobis</span> <span class='ocrx_word' id='word_1_114' title='bbox 1261 2211 1423 2286; x_wconf 81' lang='lat' dir='ltr'>exhibere</span> <span class='ocrx_word' id='word_1_115' title='bbox 1461 2211 1682 2308; x_wconf 86' lang='lat' dir='ltr'>priuilegium</span> <span class='ocrx_word' id='word_1_116' title='bbox 1715 2214 1779 2287; x_wconf 93' lang='lat' dir='ltr'>do·</span> 
     </span>
    </p>
   </div>
   <div class='ocr_carea' id='block_1_3' title="bbox 372 2333 1779 2532">
    <p class='ocr_par' dir='ltr' id='par_1_3' title="bbox 372 2333 1779 2532">
     <span class='ocr_line' id='line_1_15' title="bbox 372 2333 1779 2430; baseline -0.001 -20"><span class='ocrx_word' id='word_1_117' title='bbox 372 2335 482 2410; x_wconf 89' lang='lat' dir='ltr'>mini</span> <span class='ocrx_word' id='word_1_118' title='bbox 511 2334 654 2410; x_wconf 89' lang='lat' dir='ltr'>nostri</span> <span class='ocrx_word' id='word_1_119' title='bbox 682 2333 818 2406; x_wconf 79' lang='lat' dir='ltr'>Andree</span> <span class='ocrx_word' id='word_1_120' title='bbox 846 2335 1020 2428; x_wconf 87' lang='lat' dir='ltr'>magnifici</span> <span class='ocrx_word' id='word_1_121' title='bbox 1050 2335 1146 2409; x_wconf 90' lang='lat' dir='ltr'>ducis</span> <span class='ocrx_word' id='word_1_122' title='bbox 1176 2333 1285 2409; x_wconf 89' lang='lat' dir='ltr'>totius</span> <span class='ocrx_word' id='word_1_123' title='bbox 1306 2333 1466 2410; x_wconf 87' lang='lat' dir='ltr'>Slavouie</span> <span class='ocrx_word' id='word_1_124' title='bbox 1486 2334 1658 2410; x_wconf 88' lang='lat' dir='ltr'>Dalmatio</span> <span class='ocrx_word' id='word_1_125' title='bbox 1679 2340 1779 2430; x_wconf 88' lang='lat' dir='ltr'>atque</span> 
     </span>
     <span class='ocr_line' id='line_1_16' title="bbox 372 2455 1093 2532; baseline -0.003 0"><span class='ocrx_word' id='word_1_126' title='bbox 372 2457 507 2532; x_wconf 83' lang='lat' dir='ltr'>Groatie</span> <span class='ocrx_word' id='word_1_127' title='bbox 534 2459 621 2531; x_wconf 84' lang='lat' dir='ltr'>eto.“</span> <span class='ocrx_word' id='word_1_128' title='bbox 655 2457 690 2530; x_wconf 83' lang='lat' dir='ltr'>C.</span> <span class='ocrx_word' id='word_1_129' title='bbox 720 2455 761 2528; x_wconf 90' lang='lat' dir='ltr'>D.</span> <span class='ocrx_word' id='word_1_130' title='bbox 790 2456 831 2529; x_wconf 90' lang='lat' dir='ltr'>v.</span> <span class='ocrx_word' id='word_1_131' title='bbox 862 2457 897 2529; x_wconf 87' lang='grc'>2.</span> <span class='ocrx_word' id='word_1_132' title='bbox 927 2458 1093 2530; x_wconf 78' lang='grc'>471-2.</span> 
     </span>
    </p>
   </div>
   <div class='ocr_carea' id='block_1_4' title="bbox 526 2574 1910 2673">
    <p class='ocr_par' dir='ltr' id='par_1_4' title="bbox 526 2574 1910 2673">
     <span class='ocr_line' id='line_1_17' title="bbox 526 2574 1910 2673; baseline -0.001 -20"><span class='ocrx_word' id='word_1_133' title='bbox 526 2581 605 2653; x_wconf 86' lang='lat' dir='ltr'>lvon</span> <span class='ocrx_word' id='word_1_134' title='bbox 633 2578 740 2672; x_wconf 89' lang='lat' dir='ltr'>igitur</span> <span class='ocrx_word' id='word_1_135' title='bbox 769 2579 892 2673; x_wconf 82' lang='lat' dir='ltr'>egebat</span> <span class='ocrx_word' id='word_1_136' title='bbox 920 2579 988 2652; x_wconf 83' lang='lat' dir='ltr'>dux</span> <span class='ocrx_word' id='word_1_137' title='bbox 1016 2578 1083 2653; x_wconf 92' lang='lat' dir='ltr'>iste</span> <span class='ocrx_word' id='word_1_138' title='bbox 1111 2577 1269 2672; x_wconf 89' lang='lat' dir='ltr'>patronis</span> <span class='ocrx_word' id='word_1_139' title='bbox 1309 2575 1558 2668; x_wconf 72' lang='lat' dir='ltr'>liberatoribus</span> <span class='ocrx_word' id='word_1_140' title='bbox 1588 2577 1645 2672; x_wconf 86' lang='lat' dir='ltr'>qui</span> <span class='ocrx_word' id='word_1_141' title='bbox 1682 2579 1777 2652; x_wconf 91' lang='lat' dir='ltr'>doce·</span> <span class='ocrx_word' id='word_1_142' title='bbox 1902 2574 1910 2592; x_wconf 86' lang='lat'><strong><em>‘</em></strong></span> 
     </span>
    </p>
   </div>
   <div class='ocr_carea' id='block_1_5' title="bbox 368 2697 1777 4504">
    <p class='ocr_par' dir='ltr' id='par_1_5' title="bbox 371 2697 1777 2903">
     <span class='ocr_line' id='line_1_18' title="bbox 372 2697 1777 2794; baseline 0 -20"><span class='ocrx_word' id='word_1_143' title='bbox 372 2703 450 2774; x_wconf 89' lang='lat' dir='ltr'>rent</span> <span class='ocrx_word' id='word_1_144' title='bbox 477 2700 683 2790; x_wconf 74' lang='lat' dir='ltr'>incredulos</span> <span class='ocrx_word' id='word_1_145' title='bbox 713 2700 858 2794; x_wconf 89' lang='lat' dir='ltr'>stirpem</span> <span class='ocrx_word' id='word_1_146' title='bbox 885 2700 1021 2774; x_wconf 83' lang='lat' dir='ltr'>uirilem</span> <span class='ocrx_word' id='word_1_147' title='bbox 1049 2699 1143 2774; x_wconf 82' lang='lat' dir='ltr'>Almi</span> <span class='ocrx_word' id='word_1_148' title='bbox 1171 2699 1268 2774; x_wconf 89' lang='lat' dir='ltr'>ducis</span> <span class='ocrx_word' id='word_1_149' title='bbox 1302 2697 1437 2774; x_wconf 84' lang='lat' dir='ltr'>uiuente</span> <span class='ocrx_word' id='word_1_150' title='bbox 1465 2699 1604 2774; x_wconf 79' lang='lat' dir='ltr'>Andraa</span> <span class='ocrx_word' id='word_1_151' title='bbox 1632 2701 1777 2775; x_wconf 91' lang='lat' dir='ltr'>noudum</span> 
     </span>
     <span class='ocr_line' id='line_1_19' title="bbox 371 2823 549 2903; baseline -0.006 -7"><span class='ocrx_word' id='word_1_152' title='bbox 371 2823 549 2903; x_wconf 83' lang='lat' dir='ltr'>defecisse.</span> 
     </span>
    </p>

    <p class='ocr_par' dir='ltr' id='par_1_6' title="bbox 368 2944 1775 4136">
     <span class='ocr_line' id='line_1_20' title="bbox 527 2944 1774 3040; baseline 0.001 -21"><span class='ocrx_word' id='word_1_153' title='bbox 527 2945 594 3019; x_wconf 88' lang='lat' dir='ltr'>Sed</span> <span class='ocrx_word' id='word_1_154' title='bbox 624 2967 684 3018; x_wconf 90' lang='lat' dir='ltr'>nec</span> <span class='ocrx_word' id='word_1_155' title='bbox 714 2951 793 3037; x_wconf 91' lang='lat' dir='ltr'>post</span> <span class='ocrx_word' id='word_1_156' title='bbox 822 2946 893 3018; x_wconf 88' lang='lat' dir='ltr'>fata</span> <span class='ocrx_word' id='word_1_157' title='bbox 919 2944 1073 3018; x_wconf 75' lang='lat' dir='ltr'>ladislai</span> <span class='ocrx_word' id='word_1_158' title='bbox 1102 2945 1188 3020; x_wconf 89' lang='lat' dir='ltr'>Ill-i</span> <span class='ocrx_word' id='word_1_159' title='bbox 1217 2945 1396 3020; x_wconf 80' lang='lat' dir='ltr'>dubitabat</span> <span class='ocrx_word' id='word_1_160' title='bbox 1429 2945 1608 3039; x_wconf 87' lang='lat' dir='ltr'>quisquam</span> <span class='ocrx_word' id='word_1_161' title='bbox 1638 2945 1679 3020; x_wconf 90' lang='lat' dir='ltr'>de</span> <span class='ocrx_word' id='word_1_162' title='bbox 1698 2967 1774 3040; x_wconf 89' lang='lat' dir='ltr'>cog·</span> 
     </span>
     <span class='ocr_line' id='line_1_21' title="bbox 372 3065 1775 3162; baseline 0 -22"><span class='ocrx_word' id='word_1_163' title='bbox 372 3065 509 3141; x_wconf 89' lang='lat' dir='ltr'>natione</span> <span class='ocrx_word' id='word_1_164' title='bbox 543 3070 577 3140; x_wconf 92' lang='lat' dir='ltr'>et</span> <span class='ocrx_word' id='word_1_165' title='bbox 605 3065 771 3160; x_wconf 87' lang='lat' dir='ltr'>legitimis</span> <span class='ocrx_word' id='word_1_166' title='bbox 796 3065 969 3141; x_wconf 87' lang='lat' dir='ltr'>natalibus</span> <span class='ocrx_word' id='word_1_167' title='bbox 989 3065 1161 3141; x_wconf 89' lang='lat' dir='ltr'>Andreae.</span> <span class='ocrx_word' id='word_1_168' title='bbox 1184 3069 1252 3142; x_wconf 88' lang='lat' dir='ltr'>Sed</span> <span class='ocrx_word' id='word_1_169' title='bbox 1271 3067 1380 3142; x_wconf 86' lang='lat' dir='ltr'>Maria</span> <span class='ocrx_word' id='word_1_170' title='bbox 1399 3067 1519 3162; x_wconf 86' lang='lat' dir='ltr'>regina</span> <span class='ocrx_word' id='word_1_171' title='bbox 1536 3069 1681 3160; x_wconf 88' lang='lat' dir='ltr'>putabat</span> <span class='ocrx_word' id='word_1_172' title='bbox 1699 3072 1775 3161; x_wconf 91' lang='lat' dir='ltr'>post</span> 
     </span>
     <span class='ocr_line' id='line_1_22' title="bbox 371 3187 1774 3284; baseline -0.001 -21"><span class='ocrx_word' id='word_1_173' title='bbox 371 3188 501 3264; x_wconf 94' lang='lat' dir='ltr'>obitum</span> <span class='ocrx_word' id='word_1_174' title='bbox 530 3188 650 3262; x_wconf 88' lang='lat' dir='ltr'>fratris</span> <span class='ocrx_word' id='word_1_175' title='bbox 679 3187 733 3262; x_wconf 90' lang='lat' dir='ltr'>sui</span> <span class='ocrx_word' id='word_1_176' title='bbox 761 3188 882 3264; x_wconf 90' lang='lat' dir='ltr'>liberis</span> <span class='ocrx_word' id='word_1_177' title='bbox 920 3188 1078 3272; x_wconf 79' lang='lat' dir='ltr'>carentis.</span> <span class='ocrx_word' id='word_1_178' title='bbox 1112 3193 1248 3284; x_wconf 87' lang='lat' dir='ltr'>praeter</span> <span class='ocrx_word' id='word_1_179' title='bbox 1285 3191 1375 3264; x_wconf 85' lang='lat' dir='ltr'>bona·</span> <span class='ocrx_word' id='word_1_180' title='bbox 1412 3188 1598 3264; x_wconf 89' lang='lat' dir='ltr'>domestica</span> <span class='ocrx_word' id='word_1_181' title='bbox 1634 3211 1774 3284; x_wconf 88' lang='lat' dir='ltr'>regnum</span> 
     </span>
     <span class='ocr_line' id='line_1_23' title="bbox 371 3309 1772 3406; baseline -0.003 -20"><span class='ocrx_word' id='word_1_182' title='bbox 371 3311 472 3386; x_wconf 86' lang='lat' dir='ltr'>etiam</span> <span class='ocrx_word' id='word_1_183' title='bbox 502 3311 702 3406; x_wconf 87' lang='lat' dir='ltr'>Hungariae</span> <span class='ocrx_word' id='word_1_184' title='bbox 740 3311 878 3384; x_wconf 86' lang='lat' dir='ltr'>excluso</span> <span class='ocrx_word' id='word_1_185' title='bbox 914 3309 1096 3384; x_wconf 88' lang='lat' dir='ltr'>remotiore</span> <span class='ocrx_word' id='word_1_186' title='bbox 1131 3316 1256 3405; x_wconf 88' lang='lat' dir='ltr'>agnato</span> <span class='ocrx_word' id='word_1_187' title='bbox 1292 3311 1440 3401; x_wconf 80' lang='lat' dir='ltr'>andrea,</span> <span class='ocrx_word' id='word_1_188' title='bbox 1470 3311 1512 3385; x_wconf 86' lang='lat' dir='ltr'>ad</span> <span class='ocrx_word' id='word_1_189' title='bbox 1549 3333 1586 3384; x_wconf 91' lang='lat' dir='ltr'>se</span> <span class='ocrx_word' id='word_1_190' title='bbox 1623 3313 1658 3385; x_wconf 92' lang='lat' dir='ltr'>et</span> <span class='ocrx_word' id='word_1_191' title='bbox 1687 3309 1772 3384; x_wconf 84' lang='lat' dir='ltr'>lilios</span> 
     </span>
     <span class='ocr_line' id='line_1_24' title="bbox 370 3431 1771 3538; baseline -0.001 -32"><span class='ocrx_word' id='word_1_192' title='bbox 370 3456 451 3538; x_wconf 81' lang='lat' dir='ltr'>suros</span> <span class='ocrx_word' id='word_1_193' title='bbox 479 3433 687 3508; x_wconf 85' lang='lat' dir='ltr'>devolutum.</span> <span class='ocrx_word' id='word_1_194' title='bbox 708 3433 811 3507; x_wconf 80' lang='lat' dir='ltr'>Teste</span> <span class='ocrx_word' id='word_1_195' title='bbox 831 3431 1013 3521; x_wconf 85' lang='lat' dir='ltr'>pontifice:</span> <span class='ocrx_word' id='word_1_196' title='bbox 1046 3433 1149 3528; x_wconf 78' lang='lat' dir='ltr'>„Cum</span> <span class='ocrx_word' id='word_1_197' title='bbox 1178 3439 1378 3528; x_wconf 90' lang='lat' dir='ltr'>tempore</span> <span class='ocrx_word' id='word_1_198' title='bbox 1407 3432 1566 3508; x_wconf 92' lang='lat' dir='ltr'>obitus</span> <span class='ocrx_word' id='word_1_199' title='bbox 1594 3435 1684 3508; x_wconf 88' lang='lat' dir='ltr'>clare</span> <span class='ocrx_word' id='word_1_200' title='bbox 1708 3456 1771 3506; x_wconf 92' lang='lat' dir='ltr'>rue·</span> 
     </span>
     <span class='ocr_line' id='line_1_25' title="bbox 369 3551 1770 3649; baseline -0.002 -20"><span class='ocrx_word' id='word_1_201' title='bbox 369 3555 475 3630; x_wconf 92' lang='lat' dir='ltr'>morie</span> <span class='ocrx_word' id='word_1_202' title='bbox 502 3553 646 3629; x_wconf 88' lang='lat' dir='ltr'>Latislai</span> <span class='ocrx_word' id='word_1_203' title='bbox 677 3554 769 3649; x_wconf 88' lang='lat' dir='ltr'>regis</span> <span class='ocrx_word' id='word_1_204' title='bbox 800 3553 963 3648; x_wconf 82' lang='lat' dir='ltr'>vagaris,</span> <span class='ocrx_word' id='word_1_205' title='bbox 988 3577 1026 3628; x_wconf 92' lang='lat' dir='ltr'>ac</span> <span class='ocrx_word' id='word_1_206' title='bbox 1054 3555 1176 3630; x_wconf 88' lang='lat' dir='ltr'>deiude</span> <span class='ocrx_word' id='word_1_207' title='bbox 1196 3556 1276 3628; x_wconf 93' lang='lat' dir='ltr'>dum</span> <span class='ocrx_word' id='word_1_208' title='bbox 1294 3551 1451 3630; x_wconf 83' lang='lat' dir='ltr'>Andreas</span> <span class='ocrx_word' id='word_1_209' title='bbox 1471 3555 1506 3628; x_wconf 92' lang='lat' dir='ltr'>iu</span> <span class='ocrx_word' id='word_1_210' title='bbox 1527 3556 1649 3630; x_wconf 91' lang='lat' dir='ltr'>eodem</span> <span class='ocrx_word' id='word_1_211' title='bbox 1669 3577 1770 3649; x_wconf 91' lang='lat' dir='ltr'>reguo</span> 
     </span>
     <span class='ocr_line' id='line_1_26' title="bbox 369 3674 1772 3772; baseline -0.002 -22"><span class='ocrx_word' id='word_1_212' title='bbox 369 3701 406 3750; x_wconf 89' lang='lat' dir='ltr'>se</span> <span class='ocrx_word' id='word_1_213' title='bbox 435 3699 496 3770; x_wconf 91' lang='lat' dir='ltr'>pro</span> <span class='ocrx_word' id='word_1_214' title='bbox 525 3700 604 3772; x_wconf 89' lang='lat' dir='ltr'>rege</span> <span class='ocrx_word' id='word_1_215' title='bbox 630 3678 784 3770; x_wconf 82' lang='lat' dir='ltr'>gerebat,</span> <span class='ocrx_word' id='word_1_216' title='bbox 815 3674 994 3749; x_wconf 89' lang='lat' dir='ltr'>carissima</span> <span class='ocrx_word' id='word_1_217' title='bbox 1022 3675 1057 3749; x_wconf 89' lang='lat' dir='ltr'>iu</span> <span class='ocrx_word' id='word_1_218' title='bbox 1086 3675 1222 3752; x_wconf 79' lang='lat' dir='ltr'>Christo</span> <span class='ocrx_word' id='word_1_219' title='bbox 1252 3677 1323 3750; x_wconf 67' lang='lat' dir='ltr'>lilia</span> <span class='ocrx_word' id='word_1_220' title='bbox 1350 3681 1470 3752; x_wconf 87' lang='lat' dir='ltr'>nostra</span> <span class='ocrx_word' id='word_1_221' title='bbox 1507 3675 1626 3772; x_wconf 88' lang='lat' dir='ltr'>regina</span> <span class='ocrx_word' id='word_1_222' title='bbox 1657 3675 1772 3752; x_wconf 87' lang='lat' dir='ltr'>Sicilie</span> 
     </span>
     <span class='ocr_line' id='line_1_27' title="bbox 369 3798 1772 3888; baseline 0 -17"><span class='ocrx_word' id='word_1_223' title='bbox 369 3798 528 3888; x_wconf 83' lang='lat' dir='ltr'>illustris,</span> <span class='ocrx_word' id='word_1_224' title='bbox 557 3801 680 3873; x_wconf 91' lang='lat' dir='ltr'>adse</span> <span class='ocrx_word' id='word_1_225' title='bbox 709 3823 756 3872; x_wconf 90' lang='lat' dir='ltr'>ao</span> <span class='ocrx_word' id='word_1_226' title='bbox 793 3798 1007 3872; x_wconf 88' lang='lat' dir='ltr'>dilectum</span> <span class='ocrx_word' id='word_1_227' title='bbox 1043 3798 1199 3872; x_wconf 89' lang='lat' dir='ltr'>filium</span> <span class='ocrx_word' id='word_1_228' title='bbox 1232 3799 1431 3872; x_wconf 87' lang='lat' dir='ltr'>nobilem</span> <span class='ocrx_word' id='word_1_229' title='bbox 1468 3799 1618 3872; x_wconf 84' lang='lat' dir='ltr'>uirum</span> <span class='ocrx_word' id='word_1_230' title='bbox 1647 3799 1772 3874; x_wconf 84' lang='lat' dir='ltr'>Oaro-</span> 
     </span>
     <span class='ocr_line' id='line_1_28' title="bbox 368 3920 1772 4015; baseline -0.001 -20"><span class='ocrx_word' id='word_1_231' title='bbox 368 3923 455 3995; x_wconf 93' lang='lat' dir='ltr'>lum</span> <span class='ocrx_word' id='word_1_232' title='bbox 483 3924 688 4013; x_wconf 88' lang='lat' dir='ltr'>nopotem</span> <span class='ocrx_word' id='word_1_233' title='bbox 722 3921 821 3994; x_wconf 91' lang='lat' dir='ltr'>eius</span> <span class='ocrx_word' id='word_1_234' title='bbox 859 3922 1091 4015; x_wconf 86' lang='lat' dir='ltr'>profatum</span> <span class='ocrx_word' id='word_1_235' title='bbox 1129 3943 1317 4014; x_wconf 91' lang='lat' dir='ltr'>regnum</span> <span class='ocrx_word' id='word_1_236' title='bbox 1353 3920 1574 4011; x_wconf 88' lang='lat' dir='ltr'>asseruit,</span> <span class='ocrx_word' id='word_1_237' title='bbox 1606 3925 1639 3994; x_wconf 88' lang='lat' dir='ltr'>ot</span> <span class='ocrx_word' id='word_1_238' title='bbox 1667 3921 1772 3995; x_wconf 86' lang='lat' dir='ltr'>adbuc</span> 
     </span>
     <span class='ocr_line' id='line_1_29' title="bbox 368 4042 1548 4136; baseline 0 -19"><span class='ocrx_word' id='word_1_239' title='bbox 368 4047 499 4117; x_wconf 87' lang='lat' dir='ltr'>asserat</span> <span class='ocrx_word' id='word_1_240' title='bbox 527 4044 572 4116; x_wconf 90' lang='lat' dir='ltr'>de</span> <span class='ocrx_word' id='word_1_241' title='bbox 600 4042 700 4117; x_wconf 87' lang='lat' dir='ltr'>iure</span> <span class='ocrx_word' id='word_1_242' title='bbox 729 4042 975 4136; x_wconf 89' lang='lat' dir='ltr'>pertinere.</span> <span class='ocrx_word' id='word_1_243' title='bbox 1006 4043 1117 4117; x_wconf 82' lang='lat'>1302.</span> <span class='ocrx_word' id='word_1_244' title='bbox 1147 4044 1182 4116; x_wconf 81' lang='lat' dir='ltr'>O.</span> <span class='ocrx_word' id='word_1_245' title='bbox 1213 4044 1255 4116; x_wconf 90' lang='lat' dir='ltr'>D.</span> <span class='ocrx_word' id='word_1_246' title='bbox 1287 4043 1386 4118; x_wconf 90' lang='lat' dir='ltr'>vlll.</span> <span class='ocrx_word' id='word_1_247' title='bbox 1422 4049 1454 4117; x_wconf 89' lang='lat' dir='ltr'>l.</span> <span class='ocrx_word' id='word_1_248' title='bbox 1486 4047 1548 4118; x_wconf 91' lang='lat'>88.</span> 
     </span>
    </p>

    <p class='ocr_par' dir='ltr' id='par_1_7' title="bbox 368 4163 1770 4504">
     <span class='ocr_line' id='line_1_30' title="bbox 523 4163 1767 4260; baseline -0.002 -22"><span class='ocrx_word' id='word_1_249' title='bbox 523 4165 575 4238; x_wconf 83' lang='lat' dir='ltr'>Ex</span> <span class='ocrx_word' id='word_1_250' title='bbox 603 4165 758 4238; x_wconf 90' lang='lat' dir='ltr'>adductis</span> <span class='ocrx_word' id='word_1_251' title='bbox 791 4167 898 4257; x_wconf 90' lang='lat' dir='ltr'>patet,</span> <span class='ocrx_word' id='word_1_252' title='bbox 927 4163 1075 4258; x_wconf 93' lang='lat' dir='ltr'>primum</span> <span class='ocrx_word' id='word_1_253' title='bbox 1102 4163 1188 4238; x_wconf 88' lang='lat' dir='ltr'>illud</span> <span class='ocrx_word' id='word_1_254' title='bbox 1215 4164 1386 4258; x_wconf 88' lang='lat' dir='ltr'>pactionis</span> <span class='ocrx_word' id='word_1_255' title='bbox 1415 4168 1590 4260; x_wconf 89' lang='lat' dir='ltr'>punctum,</span> <span class='ocrx_word' id='word_1_256' title='bbox 1619 4165 1661 4238; x_wconf 88' lang='lat' dir='ltr'>ad</span> <span class='ocrx_word' id='word_1_257' title='bbox 1690 4187 1767 4238; x_wconf 86' lang='grc'>111-</span> 
     </span>
     <span class='ocr_line' id='line_1_31' title="bbox 369 4285 1770 4382; baseline 0.002 -24"><span class='ocrx_word' id='word_1_258' title='bbox 369 4286 556 4362; x_wconf 86' lang='lat' dir='ltr'>troversias</span> <span class='ocrx_word' id='word_1_259' title='bbox 584 4287 625 4359; x_wconf 91' lang='lat' dir='ltr'>de</span> <span class='ocrx_word' id='word_1_260' title='bbox 654 4285 773 4360; x_wconf 89' lang='lat' dir='ltr'>ordino</span> <span class='ocrx_word' id='word_1_261' title='bbox 802 4285 1030 4360; x_wconf 90' lang='lat' dir='ltr'>successionis</span> <span class='ocrx_word' id='word_1_262' title='bbox 1049 4285 1083 4358; x_wconf 90' lang='lat' dir='ltr'>in</span> <span class='ocrx_word' id='word_1_263' title='bbox 1104 4308 1210 4380; x_wconf 90' lang='lat' dir='ltr'>reguo</span> <span class='ocrx_word' id='word_1_264' title='bbox 1239 4288 1437 4382; x_wconf 88' lang='lat' dir='ltr'>Hungariae</span> <span class='ocrx_word' id='word_1_265' title='bbox 1459 4290 1539 4381; x_wconf 87' lang='lat' dir='ltr'>post</span> <span class='ocrx_word' id='word_1_266' title='bbox 1556 4286 1689 4361; x_wconf 90' lang='lat' dir='ltr'>obitum</span> <span class='ocrx_word' id='word_1_267' title='bbox 1708 4287 1770 4361; x_wconf 86' lang='lat' dir='ltr'>La·</span> 
     </span>
     <span class='ocr_line' id='line_1_32' title="bbox 368 4407 1763 4504; baseline -0.001 -23"><span class='ocrx_word' id='word_1_268' title='bbox 368 4407 469 4482; x_wconf 88' lang='lat' dir='ltr'>dislai</span> <span class='ocrx_word' id='word_1_269' title='bbox 499 4407 581 4482; x_wconf 90' lang='lat' dir='ltr'>dicti</span> <span class='ocrx_word' id='word_1_270' title='bbox 611 4407 696 4483; x_wconf 83' lang='lat' dir='ltr'>unni</span> <span class='ocrx_word' id='word_1_271' title='bbox 724 4413 875 4497; x_wconf 73' lang='lat' dir='ltr'>exortas</span> <span class='ocrx_word' id='word_1_272' title='bbox 906 4409 999 4480; x_wconf 92' lang='lat' dir='ltr'>nullo</span> <span class='ocrx_word' id='word_1_273' title='bbox 1028 4408 1204 4501; x_wconf 89' lang='lat' dir='ltr'>plausibili</span> <span class='ocrx_word' id='word_1_274' title='bbox 1233 4415 1433 4504; x_wconf 85' lang='lat' dir='ltr'>argomento</span> <span class='ocrx_word' id='word_1_275' title='bbox 1463 4408 1616 4503; x_wconf 88' lang='lat' dir='ltr'>pertrahi</span> <span class='ocrx_word' id='word_1_276' title='bbox 1653 4431 1763 4502; x_wconf 85' lang='lat' dir='ltr'>posse.</span> 
     </span>
    </p>
   </div>
   <div class='ocr_carea' id='block_1_6' title="bbox 368 4545 1858 5138">
    <p class='ocr_par' dir='ltr' id='par_1_8' title="bbox 368 4545 1858 5010">
     <span class='ocr_line' id='line_1_33' title="bbox 526 4545 1770 4642; baseline -0.003 -20"><span class='ocrx_word' id='word_1_277' title='bbox 526 4550 603 4622; x_wconf 89' lang='lat' dir='ltr'>Non</span> <span class='ocrx_word' id='word_1_278' title='bbox 632 4571 815 4642; x_wconf 88' lang='lat' dir='ltr'>possumus</span> <span class='ocrx_word' id='word_1_279' title='bbox 843 4546 982 4622; x_wconf 91' lang='lat' dir='ltr'>silentio</span> <span class='ocrx_word' id='word_1_280' title='bbox 1010 4547 1199 4640; x_wconf 89' lang='lat' dir='ltr'>praeterire</span> <span class='ocrx_word' id='word_1_281' title='bbox 1227 4554 1389 4642; x_wconf 90' lang='lat' dir='ltr'>puuctum</span> <span class='ocrx_word' id='word_1_282' title='bbox 1419 4553 1578 4642; x_wconf 84' lang='lat' dir='ltr'>qrrartum</span> <span class='ocrx_word' id='word_1_283' title='bbox 1605 4545 1770 4642; x_wconf 86' lang='lat' dir='ltr'>pactionis</span> 
     </span>
     <span class='ocr_line' id='line_1_34' title="bbox 368 4666 1770 4766; baseline -0.001 -23"><span class='ocrx_word' id='word_1_284' title='bbox 368 4669 491 4744; x_wconf 89' lang='lat' dir='ltr'>huius:</span> <span class='ocrx_word' id='word_1_285' title='bbox 525 4672 597 4766; x_wconf 77' lang='lat' dir='ltr'>„Ut</span> <span class='ocrx_word' id='word_1_286' title='bbox 625 4670 655 4744; x_wconf 95' lang='lat' dir='ltr'>si</span> <span class='ocrx_word' id='word_1_287' title='bbox 684 4670 761 4764; x_wconf 86' lang='lat' dir='ltr'>quis</span> <span class='ocrx_word' id='word_1_288' title='bbox 789 4671 829 4744; x_wconf 91' lang='lat' dir='ltr'>de</span> <span class='ocrx_word' id='word_1_289' title='bbox 859 4669 1006 4763; x_wconf 90' lang='lat' dir='ltr'>posteris</span> <span class='ocrx_word' id='word_1_290' title='bbox 1031 4693 1146 4743; x_wconf 90' lang='lat' dir='ltr'>eornm</span> <span class='ocrx_word' id='word_1_291' title='bbox 1166 4666 1316 4744; x_wconf 85' lang='lat' dir='ltr'>infidelis</span> <span class='ocrx_word' id='word_1_292' title='bbox 1337 4671 1434 4744; x_wconf 88' lang='lat' dir='ltr'>lieret</span> <span class='ocrx_word' id='word_1_293' title='bbox 1454 4675 1572 4746; x_wconf 87' lang='lat' dir='ltr'>contra</span> <span class='ocrx_word' id='word_1_294' title='bbox 1591 4693 1770 4764; x_wconf 89' lang='lat' dir='ltr'>personam</span> 
     </span>
     <span class='ocr_line' id='line_1_35' title="bbox 369 4791 1858 4887; baseline 0.001 -23"><span class='ocrx_word' id='word_1_295' title='bbox 369 4793 532 4884; x_wconf 87' lang='lat' dir='ltr'>ducalem,</span> <span class='ocrx_word' id='word_1_296' title='bbox 562 4798 596 4866; x_wconf 90' lang='lat' dir='ltr'>et</span> <span class='ocrx_word' id='word_1_297' title='bbox 624 4792 830 4868; x_wconf 89' lang='lat' dir='ltr'>discordiam</span> <span class='ocrx_word' id='word_1_298' title='bbox 859 4795 985 4866; x_wconf 85' lang='lat' dir='ltr'>laceret</span> <span class='ocrx_word' id='word_1_299' title='bbox 1013 4791 1104 4865; x_wconf 75' lang='lat' dir='ltr'>iratur</span> <span class='ocrx_word' id='word_1_300' title='bbox 1141 4793 1287 4867; x_wconf 90' lang='lat' dir='ltr'>ducam</span> <span class='ocrx_word' id='word_1_301' title='bbox 1324 4797 1358 4866; x_wconf 92' lang='lat' dir='ltr'>ot</span> <span class='ocrx_word' id='word_1_302' title='bbox 1395 4796 1618 4887; x_wconf 86' lang='lat' dir='ltr'>cognatos</span> <span class='ocrx_word' id='word_1_303' title='bbox 1657 4815 1767 4880; x_wconf 87' lang='lat' dir='ltr'>suos,</span> <span class='ocrx_word' id='word_1_304' title='bbox 1852 4805 1858 4816; x_wconf 84' lang='lat'>’</span> 
     </span>
     <span class='ocr_line' id='line_1_36' title="bbox 371 4913 961 5010; baseline 0.002 -23"><span class='ocrx_word' id='word_1_305' title='bbox 371 4913 514 5010; x_wconf 89' lang='lat' dir='ltr'>sanguis</span> <span class='ocrx_word' id='word_1_306' title='bbox 543 4914 699 4989; x_wconf 84' lang='lat' dir='ltr'>nocerrtis</span> <span class='ocrx_word' id='word_1_307' title='bbox 728 4915 961 4989; x_wconf 85' lang='lat' dir='ltr'>furnler·otur.“</span> 
     </span>
    </p>

    <p class='ocr_par' dir='ltr' id='par_1_9' title="bbox 527 5035 1768 5138">
     <span class='ocr_line' id='line_1_37' title="bbox 527 5035 1768 5138; baseline 0.004 -26"><span class='ocrx_word' id='word_1_308' title='bbox 527 5036 707 5134; x_wconf 91' lang='lat' dir='ltr'>Hungaria</span> <span class='ocrx_word' id='word_1_309' title='bbox 734 5037 812 5112; x_wconf 88' lang='lat' dir='ltr'>inde</span> <span class='ocrx_word' id='word_1_310' title='bbox 840 5063 860 5112; x_wconf 90' lang='lat' dir='ltr'>a</span> <span class='ocrx_word' id='word_1_311' title='bbox 888 5036 998 5134; x_wconf 88' lang='lat' dir='ltr'>primo</span> <span class='ocrx_word' id='word_1_312' title='bbox 1028 5060 1107 5133; x_wconf 89' lang='lat' dir='ltr'>rege</span> <span class='ocrx_word' id='word_1_313' title='bbox 1136 5038 1320 5136; x_wconf 91' lang='lat' dir='ltr'>Stephano,</span> <span class='ocrx_word' id='word_1_314' title='bbox 1343 5039 1510 5137; x_wconf 86' lang='lat' dir='ltr'>usquead</span> <span class='ocrx_word' id='word_1_315' title='bbox 1530 5059 1645 5138; x_wconf 87' lang='lat' dir='ltr'>regam</span> <span class='ocrx_word' id='word_1_316' title='bbox 1669 5035 1768 5116; x_wconf 85' lang='lat' dir='ltr'>buius</span> 
     </span>
    </p>
   </div>
   <div class='ocr_carea' id='block_1_7' title="bbox 0 0 1954 5752">
    <p class='ocr_par' dir='ltr' id='par_1_10' title="bbox 0 0 1954 5752">
     <span class='ocr_line' id='line_1_38' title="bbox 0 0 1954 5752; baseline 0 3"><span class='ocrx_word' id='word_1_317' title='bbox 0 0 1954 5752; x_wconf 95' lang='lat' dir='ltr'> </span> 
     </span>
    </p>
   </div>
  </div>
 </body>
</html>
