3896 5758
162 777 271 862 misit
303 780 355 861 ad
389 779 677 887 imperatorem
711 806 900 863 socerum
933 806 1069 864 suum.
1119 773 1256 860 Secuti
1296 789 1393 860 sunt
1424 788 1563 860 autem

162 928 256 983 eum
289 903 455 1011 plurimi
491 903 686 1011 primates
719 902 940 1010 Huugarie.
978 901 1243 983 lntereadux
1278 900 1379 982 Bela
1396 925 1562 982 omnem

162 1023 362 1125 iniuriam,
397 1051 522 1132 qumu
556 1026 592 1106 ei
624 1027 748 1106 frater
779 1054 879 1109 suus
913 1053 985 1106 rex
1021 1023 1206 1104 Andreas
1234 1022 1428 1104 intulerat
1460 1023 1566 1104 noti·

159 1147 299 1227 licanit
331 1173 472 1228 socero
505 1175 580 1228 suo
613 1148 709 1229 duei
741 1149 920 1229 Polonie.
954 1147 1052 1228 Dux
1086 1159 1225 1227 autem
1259 1144 1564 1227 Polonieauxi·

161 1269 279 1350 liatus
313 1283 375 1350 est
407 1270 442 1349 ei
476 1269 650 1352 fideliter
682 1285 723 1350 et
755 1272 986 1352 efficaciter.
1020 1269 1118 1349 llux
1152 1267 1291 1374 itaque
1318 1267 1565 1350 Belatribus

160 1391 394 1496 agminibus
426 1392 555 1473 siroeri
588 1394 651 1475 sui
687 1394 869 1474 nrunitus
903 1419 1093 1476 reuersus
1128 1404 1189 1473 est
1220 1391 1261 1470 in
1296 1388 1563 1494 Huugariam.

178 1515 246 1594 lex
282 1527 421 1594 autem
458 1515 642 1596 Andreas
676 1543 925 1623 prenoscens
944 1544 1039 1597 eum
1069 1541 1163 1595 eum
1189 1511 1374 1594 exercitu
1393 1513 1565 1594 intrasse

159 1637 198 1716 in
231 1635 498 1738 Hungariam,
541 1638 594 1719 ab
638 1638 883 1745 imperatore
931 1637 1234 1720 tentonicorum
1277 1633 1380 1715 duos
1424 1634 1563 1736 (luceo,

157 1757 353 1839 videlicet
388 1757 622 1840 Villelmum
668 1774 708 1840 et
750 1760 849 1840 Potlr
886 1763 923 1843 in
959 1760 1161 1842 auxilinm
1202 1784 1324 1839 suum
1363 1756 1460 1837 feeit
1491 1757 1564 1837 ad·

157 1879 267 1961 duci.
316 1877 476 1961 Ducem
519 1909 686 1988 qtroqne
729 1883 1018 1984 Bolremorum,
1063 1881 1131 1989 qui
1183 1878 1564 1982 consanguineitate

157 2003 295 2082 eidem
329 2003 540 2104 attinebat,
575 2006 764 2086 mercede
798 2007 1009 2106 conduxit,
1043 2018 1084 2086 et
1116 2001 1351 2083 confidebat
1382 2001 1421 2082 in
1457 2001 1565 2081 mul·

156 2124 334 2207 titudine
368 2126 678 2208 conductorum.
712 2127 929 2232 Hungaros
962 2141 1099 2210 autem
1134 2151 1217 2206 non
1250 2123 1404 2204 multos
1436 2123 1565 2204 lrabe-

155 2247 239 2345 bat‚
294 2247 589 2354 quamplurimi
637 2250 745 2330 enim
789 2249 1051 2333 Salomonem
1093 2248 1223 2329 filium
1262 2273 1384 2327 suum
1433 2245 1565 2327 secuti

156 2369 335 2467 luerunt,
369 2385 409 2449 et
442 2396 495 2450 ex
528 2369 590 2452 his
624 2373 693 2476 qui
728 2373 767 2452 in
802 2400 926 2476 regno
967 2382 1261 2469 remanserant,
1305 2366 1470 2473 plurimi
1512 2367 1565 2448 ad

155 2491 308 2571 ducem
343 2491 483 2572 llelum
504 2491 799 2575 conduxerant.
830 2495 1080 2577 Nuntiatum
1101 2507 1164 2576 est
1179 2502 1318 2573 autem
1338 2489 1437 2571 Bele
1454 2489 1562 2592 duci,

156 2613 271 2720 quod
305 2639 378 2692 rex
413 2615 600 2696 Andreas
633 2617 857 2698 maximam
910 2618 1079 2698 baberet
1119 2610 1428 2696 multitudinem
1466 2637 1564 2694 con·

155 2735 389 2831 ductorum,
426 2735 631 2842 elegitque
665 2739 793 2844 magis
827 2742 927 2821 mori
960 2739 1001 2820 in
1034 2739 1157 2841 bello,
1176 2733 1566 2844 quamsinepugna

157 2857 210 2938 ab
245 2858 432 2939 exercitu
465 2858 569 2962 regis
613 2859 830 2943 declinare.
881 2863 998 2944 'l'unc
1043 2859 1270 2968 intrepidus
1312 2858 1564 2940 concitatum

157 2978 279 3060 duxit
312 2979 540 3061 exercitum
590 3007 716 3087 snper
764 2984 971 3065 Andream
1004 3011 1145 3087 regem
1182 3005 1326 3061 versus
1358 2980 1562 3089 'l'ysciam

158 3099 375 3180 Villelmus
422 3128 519 3182 vero
553 3117 594 3183 et
627 3103 727 3185 l‘otb
761 3104 888 3188 duces
929 3104 1262 3188 theutonicorum
1295 3101 1431 3186 furore
1465 3129 1564 3182 oon·

158 3222 269 3302 citati
302 3250 397 3302 cum
431 3224 664 3329 ugrninibns
696 3227 781 3310 suis
813 3229 1055 3310 testinanter
1085 3225 1275 3334 'lysciam
1300 3223 1561 3325 transierunt,

158 3359 199 3424 et
231 3344 451 3425 commisso
485 3348 612 3453 prelio
645 3351 697 3428 ab
730 3363 905 3458 utraque
933 3365 1046 3459 parto
1064 3349 1220 3431 fortiter
1237 3359 1298 3426 est
1315 3359 1559 3454 pugnatum.

157 3463 237 3546 Sed
270 3466 494 3548 adiuuante
527 3470 604 3549 deo
638 3471 724 3552 dux
758 3471 856 3553 llela
889 3474 1100 3554 victoriam
1134 3467 1323 3570 obtinuit,
1355 3469 1440 3548 fere
1474 3492 1562 3546 om·

157 3589 279 3670 nibus
313 3589 530 3674 teutonicis
563 3591 715 3672 ibidem
750 3594 985 3697 interiectis,
1020 3609 1060 3674 et
1092 3590 1268 3674 ducibus
1287 3617 1428 3672 eorum
1448 3614 1561 3668 oom-

159 3711 381 3817 prehensis.
415 3711 537 3793 Porro
571 3714 742 3817 hungari
778 3717 847 3822 qui
882 3730 999 3798 erant
1030 3715 1138 3824 apud
1173 3740 1312 3817 regem
1337 3711 1561 3813 Andream,

159 3831 346 3914 uidentes
379 3834 589 3917 victoriam
624 3837 771 3918 l'ecisse
804 3838 952 3920 ducem
987 3840 1141 3938 Belum,
1176 3835 1344 3916 dimisso
1362 3861 1455 3940 rege
1474 3832 1560 3913 An-

158 3955 254 4034 drea
286 3955 392 4035 uersi
426 3957 603 4038 suntad
649 3959 797 4039 ducem
845 3960 997 4042 ltelam.
1050 3961 1135 4040 Rex
1184 3970 1323 4038 autem
1373 3957 1561 4038 Andreas

160 4077 261 4183 fugit
292 4104 435 4158 versus
467 4079 725 4178 'l'eutoniarm
774 4082 844 4161 sed
889 4080 1065 4162 erradere
1108 4107 1188 4160 non
1234 4078 1379 4185 potuit,
1413 4095 1559 4190 eaptus

160 4212 220 4280 est
251 4199 360 4280 enim
394 4201 443 4280 ad
478 4214 614 4307 portas
648 4201 811 4304 Musuu,
845 4217 885 4284 et
918 4203 1171 4308 negligenter
1186 4201 1378 4284 detentus
1396 4203 1437 4284 in
1455 4204 1561 4287 silua

160 4321 294 4402 Bocon
328 4324 380 4402 ad
413 4348 577 4403 erucem
591 4319 620 4430 ¹)
654 4351 770 4406 suam
815 4351 895 4430 que
929 4325 1077 4406 dicitur
1115 4321 1226 4405 Scire
1263 4339 1450 4407 mortuus
1483 4340 1555 4409 est.

159 4441 353 4551 Sepultus
387 4458 618 4526 astantem
654 4447 695 4527 in
727 4447 975 4528 monasterio
1008 4446 1137 4528 saneti
1174 4445 1321 4527 Auiani
1349 4447 1559 4530 confesso·

159 4564 221 4666 ris,
255 4566 364 4674 quod
401 4566 508 4646 idem
543 4595 614 4647 rex
650 4569 881 4650 construxit
912 4569 951 4649 in
985 4568 1116 4650 Tihon
1160 4568 1276 4648 iuxta
1308 4568 1445 4652 laeum
1479 4570 1557 4652 Ba·

160 4687 280 4769 laton.
323 4687 404 4768 Sed
443 4701 484 4768 et
524 4689 609 4769 dux
659 4689 936 4772 Bohemorum
971 4702 1118 4800 eaptus
1151 4702 1224 4790 est,
1258 4702 1299 4770 et
1330 4691 1418 4774 sine
1451 4691 1557 4774 scitu

160 4809 272 4892 ducis
306 4809 404 4890 Bele
437 4809 695 4895 exoculatus.
743 4811 1059 4920 Villel(67)mus
1091 4835 1188 4893 vero
1222 4825 1263 4890 et
1291 4810 1395 4892 Poth
1427 4812 1555 4896 duces

159 4931 323 5014 adducti
340 4949 437 5014 sunt
468 4933 518 5013 ad
538 4933 679 5015 Belarn
702 4933 865 5036 ducem,
884 4935 954 5044 qui
972 4960 1043 5016 eos
1059 4931 1209 5014 liberos
1227 4931 1339 5014 abire
1357 4934 1553 5044 permisit.

160 5083 362 5094 ————-

263 5133 289 5234 ¹)
319 5145 460 5215 curtem.
492 5141 531 5214 l'.
