3900 5762
985 451 1137 551 —r—to-

355 696 442 750 ram
487 682 548 750 est
589 680 827 776 prostratus.
866 665 956 762 Qun
989 667 1077 748 riso
1111 665 1223 748 niues
1257 692 1401 749 ornnes
1435 665 1628 748 derelicta
1660 669 1760 748 urbe

357 793 397 871 in
432 791 606 872 insulam
642 791 764 871 uraris
796 791 1001 894 fugerunt,
1036 790 1244 896 quandam
1274 789 1384 869 enim
1404 788 1578 871 insulam
1593 784 1622 896 ¹)
1641 791 1761 871 maris

350 913 574 1020 ,Aquilegie
608 913 841 1017 contiguam
862 911 1136 993 deereuerunt
1156 911 1320 991 introire
1339 923 1479 992 eterno
1498 911 1650 991 ibidem
1672 939 1762 1016 per·

356 1035 551 1137 mansuri,
595 1061 676 1141 que
712 1029 851 1141 uera²)
895 1033 1076 1114 Veneria
1109 1059 1242 1139 usque
1278 1032 1401 1112 bodie
1435 1033 1683 1114 nominatur.
1717 1033 1760 1112 ln

357 1183 440 1263 qua
473 1157 639 1264 quidem
675 1155 929 1262 aliquamdiu
963 1156 1207 1256 habitantes,
1257 1167 1425 1262 propter
1457 1169 1616 1236 metum
1657 1156 1762 1260 regis

357 1278 479 1386 rltyle
514 1279 602 1386 ipsa
634 1279 839 1382 derelicta,
874 1278 1050 1360 insulam
1086 1305 1166 1385 que
1204 1276 1349 1358 Realth
1392 1277 1540 1358 dieitur
1582 1277 1791 1359 intrane··

358 1417 454 1482 runt
486 1402 758 1510 permansuri.

716 1643 835 1725 VIII.
868 1641 938 1721 Do
967 1647 1072 1721 ortu
1098 1641 1390 1722 Venetorum.

513 1889 662 1970 Veneti
695 1886 906 1996 quidam³l
941 1901 1038 1970 srrnt
1070 1889 1244 1991 Troiani,
1279 1902 1325 1969 ut
1358 1888 1532 1969 (nonina
1564 1890 1677 1969 errarit
1696 1919 1765 1968 re-

357 2027 565 2112 ter·‹n·mn;
597 2026 691 2120 post
734 2010 942 2092 excidium
982 1997 1121 2092 tamen
1156 2011 1273 2091 'l'roio
1319 2011 1537 2117 Aquilegie
1569 2038 1766 2118 perman·

356 2147 510 2237 sernnt,
552 2162 677 2241 quarn
715 2133 910 2214 fundasse
954 2133 1236 2239 perhibentur.
1278 2132 1421 2213 Veneti
1466 2133 1634 2239 qrridem
1681 2160 1764 2214 non

356 2257 567 2363 arripiunt
599 2256 796 2361 originem
831 2255 882 2334 de
916 2253 1096 2356 Sabaria,
1129 2269 1176 2336 ut
1210 2255 1377 2362 quidam
1407 2256 1638 2361 opinantur.
1657 2256 1765 2354 Nam

356 2377 522 2460 Sabarie
555 2378 670 2459 latini
689 2377 784 2485 (16)
805 2377 1042 2482 longobardi
1076 2377 1268 2458 videlieet
1300 2377 1596 2478 inhabitabant,
1615 2391 1656 2458 et
1681 2395 1768 2458 erat

358 2500 411 2582 ibi
445 2500 557 2582 scola
589 2500 792 2605 generalis
824 2514 907 2580 tam
940 2499 1040 2606 ipsis
1073 2500 1333 2604 longobardis
1352 2525 1477 2606 qnam
1510 2498 1599 2590 aliis
1632 2501 1769 2604 genti·

359 2625 435 2704 bus
469 2623 578 2705 orbis
610 2636 726 2724 terre,
760 2635 976 2728 poetarum
1013 2621 1152 2703 multis
1186 2622 1524 2728 philosophorum
1562 2622 1768 2727 dogmati·

358 2746 436 2827 bus
468 2745 701 2825 luculenter
732 2745 945 2842 illustrata,
980 2757 1021 2822 et
1053 2771 1171 2851 rarys
1189 2745 1403 2853 ydolorum
1423 2743 1628 2825 erroribus
1646 2747 1769 2824 r‘nan-

321 2867 503 2978 ¹ripata,
539 2893 662 2973 quarn
683 2867 867 2974 -quidam
901 2891 972 2946 rex
1009 2880 1214 2969 gottorum
1247 2867 1493 2947 ,lroellauus
1526 2866 1658 2972 primo
1695 2893 1770 2946 ro-

354 2989 444 3070 lens
478 3015 637 3096 rapere,
671 2989 741 3070 diu
775 2990 986 3070 obsessam
1021 3013 1100 3068 non
1136 2989 1280 3094 potuit.
1300 2987 1478 3069 llemum
1499 3000 1636 3068 metus
1654 2988 1769 3070 orbis

356 3111 625 3218 expugnauit.
659 3109 786 3194 Cuius
819 3137 971 3216 nempe
1006 3109 1138 3190 ineole
1171 3137 1245 3216 per
1278 3110 1410 3191 hunos
1453 3109 1618 3217 expulsi
1651 3139 1769 3192 nune

357 3233 544 3315 habitant
574 3233 712 3341 Papye
746 3234 786 3314 in
820 3232 968 3332 Ytalia,
1003 3232 1120 3313 iuxta
1150 3231 1306 3313 flumen
1340 3232 1481 3313 licini.

713 3472 782 3560 IX.
815 3472 1074 3552 Donastant
1100 3470 1408 3552 Alamnniam.

512 3721 731 3804 llestruota
760 3722 897 3828 itaquo
932 3722 1097 3802 ciuitate
1132 3722 1347 3828 Aquilegie
1375 3733 1416 3802 et
1432 3719 1672 3822 Concordia,
1693 3721 1770 3801 de·

358 3870 470 3924 mum
508 3843 545 3922 in
579 3843 682 3924 Foro
713 3842 813 3924 Iulii
854 3843 1056 3924 destruxit
1099 3842 1330 3925 Ciuitatem.
1373 3842 1536 3924 Abinde
1578 3842 1619 3921 in
1657 3872 1771 3923 amn·-

358 3964 489 4045 ehiam
524 3965 680 4046 intrans
713 3964 1007 4070 longobardie,
1040 3965 1284 4067 'l'eruisimm
1317 3966 1513 4067 Paduam,
1540 3964 1769 4068 Veronam,

362 4087 536 4188 llrixam,
587 4086 845 4187 Cremonam,
893 4086 1119 4190 Mantuam,
1167 4089 1425 4192 Pergamum,
1467 4085 1769 4191 blediolanum,

357 4209 654 4290 Alexandriam
689 4223 729 4290 et
762 4207 984 4289 Ferrariam
1021 4210 1204 4316 aliasque
1238 4211 1377 4317 plures
1413 4207 1682 4315 urbesipsius
1704 4239 1771 4292 re·

357 4330 499 4437 gionis,
534 4358 608 4413 suo
642 4331 879 4436 subiuganit
912 4331 1105 4413 dominio.
1149 4334 1244 4414 Post
1275 4334 1353 4414 heo
1385 4332 1625 4413 Rauennam
1662 4331 1769 4416 dnm

359 4453 550 4552 venisset,
587 4453 829 4534 Arianormn
865 4455 1115 4562 archipresul
1152 4455 1221 4562 qni
1255 4455 1294 4534 in
1330 4456 1419 4562 ipsa
1437 4453 1602 4536 ciuitate
1621 4469 1772 4538 eontra

358 4575 498 4654 sedem
549 4576 815 4681 apostolicam
859 4575 1078 4658 duodecim
1122 4577 1348 4660 cardinales
1396 4578 1550 4658 fecerat
1592 4574 1768 4676 eleuari,

358 4711 513 4780 sectam
547 4724 665 4778 suam
698 4697 916 4802 imitantes,
949 4699 1107 4781 habens
1141 4701 1380 4786 thesaurum
1414 4699 1626 4808 copiosum
1662 4699 1773 4782 ciui-

467 4959 492 5058 ι)
522 4955 695 5036 ins-onim.
726 4959 764 5032 T.
796 4953 823 5064 ²)
852 4961 948 5032 relos
992 4955 1019 5064 8)
1050 4959 1196 5058 quidem.
