4024 5776
880 481 923 561 ..b

199 713 288 798 Sita
321 714 473 798 etenim
509 726 594 796 erat
625 712 924 795 interNubiam
954 713 1217 821 etEgiptum,
1236 714 1354 799 cuins
1376 713 1603 824 antiqualia

200 851 432 922 cernuntur
462 863 597 944 usque
630 836 750 918 bodie
786 835 980 917 euntibus
1001 836 1051 916 de
1069 834 1274 944 Memphis
1292 839 1601 923 Alexandriam.

363 962 401 1042 3.
424 959 613 1040 Dimissis
647 984 741 1062 crgo
775 956 1017 1059 incidentiis,
1037 985 1118 1064 que
1152 972 1271 1067 cepte
1304 961 1474 1042 materie
1507 962 1607 1044 dant

200 1084 400 1186 colorem,
449 1079 708 1163 redeundum
747 1091 808 1162 est
841 1080 891 1160 ad
925 1076 1168 1188 lleru·otlr.¹)
1202 1083 1272 1188 qui
1315 1110 1470 1191 gygans
1511 1098 1606 1192 post

196 1206 437 1311 linguarum
470 1204 677 1310 inceptam
713 1201 1009 1304 confusionem,
1032 1214 1180 1283 terram
1215 1203 1382 1285 Enilath
1413 1205 1608 1309 introiuit,

196 1353 286 1434 que
318 1327 428 1432 regio
461 1321 667 1434 Persidel)
701 1324 777 1405 isto
818 1338 1004 1430 tempore
1048 1325 1291 1432 appellatur,
1341 1340 1382 1407 et
1412 1326 1470 1410 ibi
1503 1329 1606 1411 duos

195 1448 308 1530 filios
339 1449 485 1530 Hunor
516 1447 672 1530 scilicet
704 1460 745 1526 et
777 1443 918 1549 Mogor
943 1473 995 1526 ex
1029 1442 1184 1554 Enee³)
1221 1475 1298 1530 sua
1329 1449 1504 1555 coniuge
1537 1479 1606 1555 ge·
1668 1471 1675 1482 ’

195 1571 377 1675 nerauit,
410 1598 463 1650 ex
498 1570 650 1677 quibus
681 1567 793 1649 Huni
826 1561 955 1674 siucl)
998 1568 1180 1674 Huugari
1223 1583 1320 1652 suut
1352 1573 1495 1653 exorti.
1529 1571 1609 1654 Sed

197 1693 303 1800 quia
337 1719 492 1800 gygans
524 1690 710 1772 Memotlr
745 1715 897 1769 uxores
931 1691 1030 1772 alias
1062 1692 1150 1772 siue
1181 1688 1336 1798 Enee³)
1369 1694 1610 1801 perhibetur

197 1815 411 1916 babuisse,
446 1841 500 1894 ex
533 1813 684 1921 quibus
717 1813 875 1920 absque
908 1811 1054 1892 Huuor
1085 1825 1127 1893 et
1159 1812 1301 1919 lllogor
1332 1814 1471 1922 plures
1503 1817 1608 1900 filios

196 1951 243 2018 et
276 1936 380 2018 filias
412 1936 635 2042 generauit,
669 1936 723 2042 lay
756 1935 820 2016 sui
841 1934 910 2013 filii
930 1947 1128 2016 eteorum
1159 1937 1374 2042 posteritas
1402 1933 1608 2046 Perside⁵)

195 2058 437 2142 inhabitant
467 2056 689 2163 regionem,
723 2068 878 2138 statura
911 2068 951 2136 et
983 2057 1118 2138 colore
1151 2056 1284 2141 Hunis
1316 2059 1483 2162 similes,
1517 2073 1607 2141 tau·

195 2181 419 2264 tummodo
467 2207 612 2288 parum
661 2179 855 2259 differunt
888 2179 926 2258 iu
960 2178 1137 2286 loquela,
1186 2181 1293 2261 sicut
1333 2181 1519 2263 Saxones
1568 2197 1610 2264 et

195 2303 383 2410 Turiugi.
416 2302 520 2384 Cum
555 2315 692 2383 autem
729 2301 872 2383 Hunor
904 2313 944 2380 et
977 2299 1118 2406 Mogor
1149 2300 1337 2384 Manroth
1371 2316 1509 2386 essent
1525 2305 1608 2412 pri·

201 2425 416 2530 mogcniti‚
451 2451 475 2505 a
507 2436 622 2532 patre
655 2424 836 2530 ipsorum
855 2423 1131 2506 tabernaculis
1149 2426 1326 2532 separati
1345 2425 1605 2508 incedebant.

196 2547 369 2628 Accidit
400 2559 539 2628 autem
573 2547 731 2626 dicrum
767 2573 849 2626 una
883 2545 1060 2626 venandi
1078 2571 1200 2628 causa
1219 2547 1330 2652 ipsos
1353 2549 1606 2655 perrexisse3

197 2669 357 2776 quibus
390 2669 431 2750 in
465 2669 627 2750 deserto
661 2663 759 2772 -—⁰)
794 2694 918 2747 cerua
949 2668 1205 2770 <recurrisset
1224 2669 1264 2749 iu
1298 2670 1471 2776 paludes
1493 2669 1606 2754 Meo·

196 2791 309 2874 tidas
345 2791 454 2872 illam
489 2791 767 2897 insequentes,
799 2789 918 2893 tugiit
959 2804 1053 2870 ante
1098 2817 1178 2872 cos.
1231 2789 1421 2898 Cumque
1464 2793 1518 2874 ibi
1554 2794 1607 2874 ab

197 2914 336 2996 oeulis
369 2939 510 2995 eorum
545 2939 711 3020 prorsus
744 2911 967 3010 vanuisset,
986 2912 1139 2993 diutius
1157 2913 1395 3019 requisitam
1420 2916 1606 2996 inuenire

197 3035 289 3117 ullo
324 3036 448 3116 modo
480 3047 717 3141 potueruut.
750 3033 975 3138 Peragratis
1007 3035 1174 3114 tandem
1209 3034 1431 3141 paludibus
1449 3064 1607 3117 memo-

197 3159 313 3248 ratis,
348 3183 422 3264 pro
455 3158 651 3238 armentis
684 3155 913 3236 matriendis
948 3157 1075 3263 ipsam
1113 3173 1421 3263 conspexerunt
1439 3171 1607 3265 oportu-

200 3307 314 3383 nam,
349 3279 414 3360 Ad
449 3295 606 3386 patrem
642 3278 790 3358 deinde
824 3278 1044 3357 redeuutes
1076 3279 1129 3358 ab
1164 3279 1251 3386 ipso
1283 3279 1449 3360 licentia
1475 3281 1607 3387 impe-

199 3415 309 3484 trata
344 3429 440 3482 cum
475 3401 597 3482 rebus
646 3401 839 3480 omuibus
888 3400 1061 3507 paludes
1103 3400 1301 3480 Meotidas
1350 3402 1608 3484 intrauerunt

201 3524 417 3605 moraturi.
451 3523 575 3627 Regio
610 3522 777 3628 quidem
811 3521 987 3601 ,lleotida
1009 3519 1216 3628 Perside7)
1235 3524 1364 3629 patrie
1383 3537 1445 3605 est
1461 3525 1607 3626 vicina,

202 3673 334 3754 quam
370 3644 553 3752 undique
586 3659 738 3752 pontus
778 3657 915 3750 preter
951 3644 1103 3724 vadum
1145 3672 1274 3726 uuum
1315 3646 1605 3750 paratissimum

203 3766 437 3868 girouallat
454 3765 694 3848 fluminibus
727 3766 892 3872 penitus
927 3793 1081 3867 careus,
1102 3767 1209 3847 erbis
1232 3767 1349 3870 lignis
1373 3767 1608 3849 volatilibus

202 3891 391 3998 piscibus
424 3901 467 3968 et
498 3889 640 3969 bestiis
674 3889 870 3995 copiatur.
907 3888 1056 3968 Aditus
1082 3888 1179 3969 illue
1206 3888 1381 3971 difficilis
1399 3903 1441 3970 et
1458 3891 1608 3973 exitus.

201 4011 384 4093 Paludes
421 4025 560 4092 autem
596 4010 795 4092 Meotidas
832 4011 1033 4090 adeuntes
1074 4005 1232 4115 armis⁸>
1272 4009 1306 4089 V
1345 4011 1610 4093 immobiliter

203 4146 538 4240 permanserunt.
575 4133 695 4212 Anno
729 4158 823 4236 ergo
857 4129 912 4211 Vl
947 4146 1149 4212 exeuntes
1168 4133 1206 4210 in
1230 4133 1392 4213 deserto
1410 4134 1501 4214 loco
1520 4134 1607 4216 siue.

205 4257 394 4338 maribus
439 4256 476 4335 in
522 4253 797 4336 tabernaculis
830 4267 1122 4361 permanentes
1166 4279 1317 4335 uxores
1366 4282 1414 4335 ac
1456 4281 1608 4362 pueros

202 4377 384 4459 tiliorum
419 4377 539 4457 Belar
570 4403 671 4456 casu
702 4389 953 4483 repererunt,
966 4373 995 4481 Β)
1031 4401 1134 4482 quos
1167 4405 1263 4456 cum
1297 4377 1421 4458 rebus
1464 4403 1607 4459 eorum

205 4499 247 4579 in
282 4499 457 4606 paludes
490 4496 690 4580 Meotidas
709 4525 833 4580 cursu
850 4496 972 4578 celeri
990 4497 1267 4578 deduxerunt.
1286 4499 1448 4579 Accidit
1468 4511 1609 4580 autem

203 4621 404 4728 principis
438 4619 546 4700 l)ule
580 4617 808 4700 Alauorum
842 4620 944 4699 (luas
977 4619 1080 4700 filias
1099 4619 1310 4703 interillos
1329 4647 1478 4726 pueros
1496 4645 1608 4711 com·

316 4899 342 4986 ¹)
371 4895 547 4968 Nemroth.
579 4894 607 4989 ²)
635 4895 801 4970 Persidis.
832 4901 860 4990 ⁵)
889 4897 1011 4969 Eneth.
1042 4891 1071 4994 ⁴)
1101 4918 1172 4969 scu.
1203 4894 1230 4995 ⁵)
1258 4895 1447 4970 Persidem.
1478 4893 1505 4996 ⁶)
1534 4919 1606 4969 cum

205 4999 284 5073 add.
316 5003 380 5074 He.
412 4995 438 5093 ¹)
468 4999 630 5073 Persidis.
663 4996 690 5091 Β)
719 5025 837 5074 anuos.
869 4998 896 5099 l)
928 4998 1113 5093 reperiunt.
