<?xml version="1.0" encoding="UTF-8"?>
<!DOCTYPE html PUBLIC "-//W3C//DTD XHTML 1.0 Transitional//EN"
    "http://www.w3.org/TR/xhtml1/DTD/xhtml1-transitional.dtd">
<html xmlns="http://www.w3.org/1999/xhtml" xml:lang="en" lang="en">
 <head>
  <title>
</title>
<meta http-equiv="Content-Type" content="text/html;charset=utf-8" />
  <meta name='ocr-system' content='tesseract 3.04.00' />
  <meta name='ocr-capabilities' content='ocr_page ocr_carea ocr_par ocr_line ocrx_word'/>
</head>
<body>
  <div class='ocr_page' id='page_1' title='image "./chronicahungaro00florgoog_0033.png"; bbox 0 0 4024 5776; ppageno 0'>
   <div class='ocr_carea' id='block_1_1' title="bbox 276 714 1807 5116">
    <p class='ocr_par' dir='ltr' id='par_1_1' title="bbox 276 714 1807 5116">
     <span class='ocr_line' id='line_1_1' title="bbox 392 714 1792 837; baseline 0.001 -37"><span class='ocrx_word' id='word_1_1' title='bbox 392 743 493 800; x_wconf 88' lang='lat' dir='ltr'>nera</span> <span class='ocrx_word' id='word_1_2' title='bbox 523 745 607 800; x_wconf 92' lang='lat' dir='ltr'>non</span> <span class='ocrx_word' id='word_1_3' title='bbox 639 731 867 824; x_wconf 83' lang='lat' dir='ltr'>numerata,</span> <span class='ocrx_word' id='word_1_4' title='bbox 901 733 985 802; x_wconf 85' lang='lat' dir='ltr'>tam</span> <span class='ocrx_word' id='word_1_5' title='bbox 1018 722 1114 804; x_wconf 90' lang='lat' dir='ltr'>duci</span> <span class='ocrx_word' id='word_1_6' title='bbox 1147 749 1274 830; x_wconf 90' lang='lat' dir='ltr'>quam</span> <span class='ocrx_word' id='word_1_7' title='bbox 1306 721 1391 804; x_wconf 92' lang='lat' dir='ltr'>suis</span> <span class='ocrx_word' id='word_1_8' title='bbox 1424 714 1678 837; x_wconf 75' lang='lat' dir='ltr'>prirnatilbus</span> <span class='ocrx_word' id='word_1_9' title='bbox 1701 745 1792 829; x_wconf 90' lang='lat' dir='ltr'>pre·</span> 
     </span>
     <span class='ocr_line' id='line_1_2' title="bbox 276 840 1791 956; baseline -0.003 -30"><span class='ocrx_word' id='word_1_10' title='bbox 276 853 342 926; x_wconf 85' lang='lat' dir='ltr'>XI.</span> <span class='ocrx_word' id='word_1_11' title='bbox 361 841 585 925; x_wconf 87' lang='lat' dir='ltr'>lscntauit.</span> <span class='ocrx_word' id='word_1_12' title='bbox 616 840 669 922; x_wconf 88' lang='lat' dir='ltr'>Et</span> <span class='ocrx_word' id='word_1_13' title='bbox 700 841 742 923; x_wconf 94' lang='lat' dir='ltr'>in</span> <span class='ocrx_word' id='word_1_14' title='bbox 775 855 921 949; x_wconf 89' lang='lat' dir='ltr'>quarta</span> <span class='ocrx_word' id='word_1_15' title='bbox 953 843 1186 926; x_wconf 81' lang='lat' dir='ltr'>ebdomada</span> <span class='ocrx_word' id='word_1_16' title='bbox 1217 845 1304 926; x_wconf 81' lang='lat' dir='ltr'>dux</span> <span class='ocrx_word' id='word_1_17' title='bbox 1337 844 1472 926; x_wconf 90' lang='lat' dir='ltr'>almus</span> <span class='ocrx_word' id='word_1_18' title='bbox 1490 871 1584 924; x_wconf 91' lang='lat' dir='ltr'>cum</span> <span class='ocrx_word' id='word_1_19' title='bbox 1604 842 1689 926; x_wconf 87' lang='lat' dir='ltr'>suis</span> <span class='ocrx_word' id='word_1_20' title='bbox 1719 841 1724 956; x_wconf 97' lang='grc' dir='ltr'>Ι</span> <span class='ocrx_word' id='word_1_21' title='bbox 1751 843 1791 923; x_wconf 91' lang='lat' dir='ltr'>in</span> 
     </span>
     <span class='ocr_line' id='line_1_3' title="bbox 393 962 1789 1074; baseline 0.001 -32"><span class='ocrx_word' id='word_1_22' title='bbox 393 962 581 1068; x_wconf 82' lang='lat' dir='ltr'>galiciam</span> <span class='ocrx_word' id='word_1_23' title='bbox 614 963 741 1067; x_wconf 90' lang='lat' dir='ltr'>uenit,</span> <span class='ocrx_word' id='word_1_24' title='bbox 776 977 816 1044; x_wconf 91' lang='lat' dir='ltr'>et</span> <span class='ocrx_word' id='word_1_25' title='bbox 862 965 919 1046; x_wconf 92' lang='lat' dir='ltr'>ibi</span> <span class='ocrx_word' id='word_1_26' title='bbox 966 967 1124 1074; x_wconf 83' lang='lat' dir='ltr'>requiei</span> <span class='ocrx_word' id='word_1_27' title='bbox 1167 968 1304 1049; x_wconf 89' lang='lat' dir='ltr'>locum</span> <span class='ocrx_word' id='word_1_28' title='bbox 1349 966 1425 1048; x_wconf 88' lang='lat' dir='ltr'>sibi</span> <span class='ocrx_word' id='word_1_29' title='bbox 1469 979 1510 1046; x_wconf 88' lang='lat' dir='ltr'>et</span> <span class='ocrx_word' id='word_1_30' title='bbox 1542 965 1626 1048; x_wconf 87' lang='lat' dir='ltr'>suis</span> <span class='ocrx_word' id='word_1_31' title='bbox 1660 965 1789 1070; x_wconf 86' lang='lat' dir='ltr'>elegit.</span> 
     </span>
     <span class='ocr_line' id='line_1_4' title="bbox 391 1082 1793 1192; baseline 0.001 -28"><span class='ocrx_word' id='word_1_32' title='bbox 391 1084 482 1164; x_wconf 89' lang='lat' dir='ltr'>Hoc</span> <span class='ocrx_word' id='word_1_33' title='bbox 511 1082 515 1190; x_wconf 99' lang='grc' dir='ltr'>Ι</span> <span class='ocrx_word' id='word_1_34' title='bbox 545 1085 644 1167; x_wconf 81' lang='lat' dir='ltr'>(lum</span> <span class='ocrx_word' id='word_1_35' title='bbox 677 1086 821 1190; x_wconf 80' lang='lat' dir='ltr'>galicie</span> <span class='ocrx_word' id='word_1_36' title='bbox 855 1087 942 1167; x_wconf 78' lang='lat' dir='ltr'>(lux</span> <span class='ocrx_word' id='word_1_37' title='bbox 975 1089 1213 1192; x_wconf 88' lang='lat' dir='ltr'>audiuissct,</span> <span class='ocrx_word' id='word_1_38' title='bbox 1247 1088 1413 1171; x_wconf 89' lang='lat' dir='ltr'>obuiam</span> <span class='ocrx_word' id='word_1_39' title='bbox 1448 1088 1557 1168; x_wconf 92' lang='lat' dir='ltr'>almo</span> <span class='ocrx_word' id='word_1_40' title='bbox 1581 1087 1676 1170; x_wconf 92' lang='lat' dir='ltr'>duci</span> <span class='ocrx_word' id='word_1_41' title='bbox 1700 1115 1793 1168; x_wconf 85' lang='lat' dir='ltr'>cnm</span> 
     </span>
     <span class='ocr_line' id='line_1_5' title="bbox 392 1206 1792 1317; baseline 0 -31"><span class='ocrx_word' id='word_1_42' title='bbox 392 1206 585 1288; x_wconf 92' lang='lat' dir='ltr'>omnibus</span> <span class='ocrx_word' id='word_1_43' title='bbox 620 1209 704 1290; x_wconf 89' lang='lat' dir='ltr'>suis</span> <span class='ocrx_word' id='word_1_44' title='bbox 734 1211 739 1316; x_wconf 97' lang='grc' dir='ltr'>Ι</span> <span class='ocrx_word' id='word_1_45' title='bbox 768 1209 889 1289; x_wconf 85' lang='lat' dir='ltr'>nudis</span> <span class='ocrx_word' id='word_1_46' title='bbox 922 1211 1099 1317; x_wconf 86' lang='lat' dir='ltr'>pedibus</span> <span class='ocrx_word' id='word_1_47' title='bbox 1133 1211 1259 1312; x_wconf 86' lang='lat' dir='ltr'>uenit,</span> <span class='ocrx_word' id='word_1_48' title='bbox 1278 1224 1320 1291; x_wconf 91' lang='lat' dir='ltr'>ct</span> <span class='ocrx_word' id='word_1_49' title='bbox 1351 1211 1514 1294; x_wconf 86' lang='lat' dir='ltr'>diuersa</span> <span class='ocrx_word' id='word_1_50' title='bbox 1547 1235 1721 1292; x_wconf 89' lang='lat' dir='ltr'>munera</span> <span class='ocrx_word' id='word_1_51' title='bbox 1744 1209 1792 1290; x_wconf 87' lang='lat' dir='ltr'>ad</span> 
     </span>
     <span class='ocr_line' id='line_1_6' title="bbox 391 1329 1795 1440; baseline 0.001 -30"><span class='ocrx_word' id='word_1_52' title='bbox 391 1356 515 1410; x_wconf 92' lang='lat' dir='ltr'>usum</span> <span class='ocrx_word' id='word_1_53' title='bbox 554 1329 665 1410; x_wconf 89' lang='lat' dir='ltr'>Almi</span> <span class='ocrx_word' id='word_1_54' title='bbox 708 1331 824 1411; x_wconf 87' lang='lat' dir='ltr'>ducis</span> <span class='ocrx_word' id='word_1_55' title='bbox 853 1332 858 1435; x_wconf 98' lang='grc' dir='ltr'>Ι</span> <span class='ocrx_word' id='word_1_56' title='bbox 888 1334 1160 1438; x_wconf 80' lang='lat' dir='ltr'>presentabit,</span> <span class='ocrx_word' id='word_1_57' title='bbox 1205 1347 1246 1414; x_wconf 88' lang='lat' dir='ltr'>et</span> <span class='ocrx_word' id='word_1_58' title='bbox 1281 1347 1424 1440; x_wconf 83' lang='lat' dir='ltr'>aperta</span> <span class='ocrx_word' id='word_1_59' title='bbox 1462 1346 1578 1440; x_wconf 85' lang='lat' dir='ltr'>porta</span> <span class='ocrx_word' id='word_1_60' title='bbox 1620 1330 1795 1413; x_wconf 85' lang='lat' dir='ltr'>ciuitatis</span> 
     </span>
     <span class='ocr_line' id='line_1_7' title="bbox 358 1451 1795 1568; baseline -0.002 -33"><span class='ocrx_word' id='word_1_61' title='bbox 358 1451 549 1556; x_wconf 78' lang='lat' dir='ltr'>bgalicie,</span> <span class='ocrx_word' id='word_1_62' title='bbox 583 1452 701 1558; x_wconf 86' lang='lat' dir='ltr'>quasi</span> <span class='ocrx_word' id='word_1_63' title='bbox 733 1453 949 1534; x_wconf 79' lang='lat' dir='ltr'>domitium</span> <span class='ocrx_word' id='word_1_64' title='bbox 982 1483 1103 1537; x_wconf 89' lang='lat' dir='ltr'>suum</span> <span class='ocrx_word' id='word_1_65' title='bbox 1139 1457 1349 1564; x_wconf 85' lang='lat' dir='ltr'>proprium</span> <span class='ocrx_word' id='word_1_66' title='bbox 1395 1453 1587 1568; x_wconf 56' lang='lat' dir='ltr'>magnoin</span> <span class='ocrx_word' id='word_1_67' title='bbox 1629 1453 1795 1561; x_wconf 78' lang='lat' dir='ltr'>recepit,</span> 
     </span>
     <span class='ocr_line' id='line_1_8' title="bbox 395 1569 1794 1690; baseline 0.001 -37"><span class='ocrx_word' id='word_1_68' title='bbox 395 1585 436 1653; x_wconf 87' lang='lat' dir='ltr'>et</span> <span class='ocrx_word' id='word_1_69' title='bbox 467 1573 639 1654; x_wconf 91' lang='lat' dir='ltr'>unicum</span> <span class='ocrx_word' id='word_1_70' title='bbox 672 1573 801 1656; x_wconf 87' lang='lat' dir='ltr'>filium</span> <span class='ocrx_word' id='word_1_71' title='bbox 836 1603 971 1678; x_wconf 83' lang='lat' dir='ltr'>suum,</span> <span class='ocrx_word' id='word_1_72' title='bbox 991 1606 1086 1660; x_wconf 90' lang='lat' dir='ltr'>cum</span> <span class='ocrx_word' id='word_1_73' title='bbox 1122 1579 1268 1660; x_wconf 83' lang='lat' dir='ltr'>ceteris</span> <span class='ocrx_word' id='word_1_74' title='bbox 1300 1577 1393 1658; x_wconf 83' lang='lat' dir='ltr'>filiis</span> <span class='ocrx_word' id='word_1_75' title='bbox 1426 1579 1646 1684; x_wconf 85' lang='lat' dir='ltr'>primatum</span> <span class='ocrx_word' id='word_1_76' title='bbox 1673 1569 1794 1690; x_wconf 58' lang='lat' dir='ltr'>rcgsni</span> 
     </span>
     <span class='ocr_line' id='line_1_9' title="bbox 394 1695 1797 1807; baseline -0.001 -29"><span class='ocrx_word' id='word_1_77' title='bbox 394 1695 459 1778; x_wconf 89' lang='lat' dir='ltr'>sui</span> <span class='ocrx_word' id='word_1_78' title='bbox 500 1696 543 1776; x_wconf 94' lang='lat' dir='ltr'>in</span> <span class='ocrx_word' id='word_1_79' title='bbox 591 1696 777 1778; x_wconf 88' lang='lat' dir='ltr'>obsidem</span> <span class='ocrx_word' id='word_1_80' title='bbox 820 1699 944 1800; x_wconf 81' lang='lat' dir='ltr'>(ledit,</span> <span class='ocrx_word' id='word_1_81' title='bbox 979 1713 1020 1781; x_wconf 89' lang='lat' dir='ltr'>et</span> <span class='ocrx_word' id='word_1_82' title='bbox 1061 1701 1231 1807; x_wconf 87' lang='lat' dir='ltr'>insuper</span> <span class='ocrx_word' id='word_1_83' title='bbox 1262 1701 1299 1782; x_wconf 94' lang='lat' dir='ltr'>X</span> <span class='ocrx_word' id='word_1_84' title='bbox 1332 1700 1490 1782; x_wconf 83' lang='lat' dir='ltr'>farisios</span> <span class='ocrx_word' id='word_1_85' title='bbox 1533 1699 1722 1806; x_wconf 83' lang='lat' dir='ltr'>optimos,</span> <span class='ocrx_word' id='word_1_86' title='bbox 1756 1709 1797 1776; x_wconf 89' lang='lat' dir='ltr'>et</span> 
     </span>
     <span class='ocr_line' id='line_1_10' title="bbox 396 1815 1793 1926; baseline 0.001 -29"><span class='ocrx_word' id='word_1_87' title='bbox 396 1815 497 1898; x_wconf 87' lang='lat' dir='ltr'>CCC</span> <span class='ocrx_word' id='word_1_88' title='bbox 526 1819 531 1924; x_wconf 96' lang='grc' dir='ltr'>Ι</span> <span class='ocrx_word' id='word_1_89' title='bbox 561 1844 691 1925; x_wconf 90' lang='lat' dir='ltr'>equos</span> <span class='ocrx_word' id='word_1_90' title='bbox 725 1847 820 1902; x_wconf 92' lang='lat' dir='ltr'>cum</span> <span class='ocrx_word' id='word_1_91' title='bbox 855 1819 965 1902; x_wconf 84' lang='lat' dir='ltr'>sellis</span> <span class='ocrx_word' id='word_1_92' title='bbox 999 1835 1040 1902; x_wconf 92' lang='lat' dir='ltr'>et</span> <span class='ocrx_word' id='word_1_93' title='bbox 1071 1823 1277 1926; x_wconf 86' lang='lat' dir='ltr'>f1·enis,et</span> <span class='ocrx_word' id='word_1_94' title='bbox 1307 1821 1384 1904; x_wconf 86' lang='lat' dir='ltr'>tria</span> <span class='ocrx_word' id='word_1_95' title='bbox 1419 1821 1532 1902; x_wconf 88' lang='lat' dir='ltr'>milia</span> <span class='ocrx_word' id='word_1_96' title='bbox 1564 1847 1793 1901; x_wconf 86' lang='lat' dir='ltr'>marcarum</span> 
     </span>
     <span class='ocr_line' id='line_1_11' title="bbox 396 1937 1794 2056; baseline 0.001 -37"><span class='ocrx_word' id='word_1_97' title='bbox 396 1940 565 2044; x_wconf 83' lang='lat' dir='ltr'>argenti,</span> <span class='ocrx_word' id='word_1_98' title='bbox 601 1954 642 2022; x_wconf 90' lang='lat' dir='ltr'>et</span> <span class='ocrx_word' id='word_1_99' title='bbox 682 1939 748 2023; x_wconf 89' lang='lat' dir='ltr'>CC</span> <span class='ocrx_word' id='word_1_100' title='bbox 791 1937 959 2056; x_wconf 65' lang='lat' dir='ltr'>madeas</span> <span class='ocrx_word' id='word_1_101' title='bbox 1002 1945 1101 2048; x_wconf 86' lang='lat' dir='ltr'>auri,</span> <span class='ocrx_word' id='word_1_102' title='bbox 1137 1959 1178 2026; x_wconf 85' lang='lat' dir='ltr'>et</span> <span class='ocrx_word' id='word_1_103' title='bbox 1213 1957 1352 2027; x_wconf 88' lang='lat' dir='ltr'>uestes</span> <span class='ocrx_word' id='word_1_104' title='bbox 1393 1943 1669 2026; x_wconf 90' lang='lat' dir='ltr'>nobilissimas</span> <span class='ocrx_word' id='word_1_105' title='bbox 1711 1957 1794 2022; x_wconf 89' lang='lat' dir='ltr'>tam</span> 
     </span>
     <span class='ocr_line' id='line_1_12' title="bbox 396 2059 1796 2175; baseline 0.001 -35"><span class='ocrx_word' id='word_1_106' title='bbox 396 2059 504 2164; x_wconf 90' lang='lat' dir='ltr'>duci,</span> <span class='ocrx_word' id='word_1_107' title='bbox 523 2088 648 2168; x_wconf 89' lang='lat' dir='ltr'>quam</span> <span class='ocrx_word' id='word_1_108' title='bbox 683 2064 878 2147; x_wconf 90' lang='lat' dir='ltr'>omnibus</span> <span class='ocrx_word' id='word_1_109' title='bbox 897 2066 1019 2146; x_wconf 86' lang='lat' dir='ltr'>etiam</span> <span class='ocrx_word' id='word_1_110' title='bbox 1050 2063 1054 2175; x_wconf 99' lang='grc' dir='ltr'>Ι</span> <span class='ocrx_word' id='word_1_111' title='bbox 1083 2067 1283 2148; x_wconf 82' lang='lat' dir='ltr'>militibus</span> <span class='ocrx_word' id='word_1_112' title='bbox 1300 2067 1384 2174; x_wconf 76' lang='lat' dir='ltr'>suis</span> <span class='ocrx_word' id='word_1_113' title='bbox 1403 2065 1663 2147; x_wconf 87' lang='lat' dir='ltr'>condonauit.</span> <span class='ocrx_word' id='word_1_114' title='bbox 1684 2062 1796 2146; x_wconf 89' lang='lat' dir='ltr'>Dum</span> 
     </span>
     <span class='ocr_line' id='line_1_13' title="bbox 337 2182 1797 2302; baseline -0.001 -36"><span class='ocrx_word' id='word_1_115' title='bbox 337 2183 508 2266; x_wconf 89' lang='lat' dir='ltr'>lOenim</span> <span class='ocrx_word' id='word_1_116' title='bbox 542 2185 628 2264; x_wconf 79' lang='lat' dir='ltr'>dux</span> <span class='ocrx_word' id='word_1_117' title='bbox 671 2185 805 2269; x_wconf 90' lang='lat' dir='ltr'>almus</span> <span class='ocrx_word' id='word_1_118' title='bbox 854 2188 1009 2295; x_wconf 87' lang='lat' dir='ltr'>requiei</span> <span class='ocrx_word' id='word_1_119' title='bbox 1058 2190 1195 2272; x_wconf 91' lang='lat' dir='ltr'>locum</span> <span class='ocrx_word' id='word_1_120' title='bbox 1238 2216 1312 2296; x_wconf 85' lang='lat' dir='ltr'>per</span> <span class='ocrx_word' id='word_1_121' title='bbox 1353 2182 1549 2302; x_wconf 62' lang='lat' dir='ltr'>men&#39;sem</span> <span class='ocrx_word' id='word_1_122' title='bbox 1583 2215 1711 2269; x_wconf 92' lang='lat' dir='ltr'>unum</span> <span class='ocrx_word' id='word_1_123' title='bbox 1757 2185 1797 2266; x_wconf 89' lang='lat' dir='ltr'>in</span> 
     </span>
     <span class='ocr_line' id='line_1_14' title="bbox 398 2305 1797 2418; baseline 0.001 -33"><span class='ocrx_word' id='word_1_124' title='bbox 398 2305 544 2411; x_wconf 84' lang='lat' dir='ltr'>galicia</span> <span class='ocrx_word' id='word_1_125' title='bbox 576 2307 799 2411; x_wconf 83' lang='lat' dir='ltr'>habuisset,</span> <span class='ocrx_word' id='word_1_126' title='bbox 834 2325 933 2392; x_wconf 84' lang='lat' dir='ltr'>tunc</span> <span class='ocrx_word' id='word_1_127' title='bbox 967 2311 1052 2393; x_wconf 79' lang='lat' dir='ltr'>dux</span> <span class='ocrx_word' id='word_1_128' title='bbox 1086 2311 1231 2417; x_wconf 83' lang='lat' dir='ltr'>galicie</span> <span class='ocrx_word' id='word_1_129' title='bbox 1254 2311 1462 2418; x_wconf 87' lang='lat' dir='ltr'>ceterique</span> <span class='ocrx_word' id='word_1_130' title='bbox 1481 2308 1659 2392; x_wconf 88' lang='lat' dir='ltr'>consocii</span> <span class='ocrx_word' id='word_1_131' title='bbox 1689 2306 1693 2414; x_wconf 98' lang='grc' dir='ltr'>Ι</span> <span class='ocrx_word' id='word_1_132' title='bbox 1723 2306 1797 2408; x_wconf 90' lang='lat' dir='ltr'>sui,</span> 
     </span>
     <span class='ocr_line' id='line_1_15' title="bbox 400 2429 1800 2541; baseline 0.001 -32"><span class='ocrx_word' id='word_1_133' title='bbox 400 2453 577 2534; x_wconf 79' lang='lat' dir='ltr'>quoium</span> <span class='ocrx_word' id='word_1_134' title='bbox 610 2429 681 2510; x_wconf 92' lang='lat' dir='ltr'>filii</span> <span class='ocrx_word' id='word_1_135' title='bbox 715 2430 754 2511; x_wconf 90' lang='lat' dir='ltr'>in</span> <span class='ocrx_word' id='word_1_136' title='bbox 790 2433 954 2515; x_wconf 87' lang='lat' dir='ltr'>obsides</span> <span class='ocrx_word' id='word_1_137' title='bbox 986 2434 1109 2541; x_wconf 89' lang='lat' dir='ltr'>positi</span> <span class='ocrx_word' id='word_1_138' title='bbox 1142 2447 1269 2535; x_wconf 89' lang='lat' dir='ltr'>crant,</span> <span class='ocrx_word' id='word_1_139' title='bbox 1302 2433 1362 2516; x_wconf 91' lang='lat' dir='ltr'>sic</span> <span class='ocrx_word' id='word_1_140' title='bbox 1379 2434 1549 2515; x_wconf 88' lang='lat' dir='ltr'>Almum</span> <span class='ocrx_word' id='word_1_141' title='bbox 1584 2431 1735 2512; x_wconf 74' lang='lat' dir='ltr'>&lt;lucem</span> <span class='ocrx_word' id='word_1_142' title='bbox 1759 2443 1800 2510; x_wconf 90' lang='lat' dir='ltr'>ct</span> 
     </span>
     <span class='ocr_line' id='line_1_16' title="bbox 398 2548 1799 2662; baseline 0.001 -31"><span class='ocrx_word' id='word_1_143' title='bbox 398 2575 496 2631; x_wconf 92' lang='lat' dir='ltr'>suos</span> <span class='ocrx_word' id='word_1_144' title='bbox 525 2548 530 2660; x_wconf 97' lang='grc' dir='ltr'>Ι</span> <span class='ocrx_word' id='word_1_145' title='bbox 558 2551 719 2634; x_wconf 86' lang='lat' dir='ltr'>nobiles</span> <span class='ocrx_word' id='word_1_146' title='bbox 752 2579 893 2658; x_wconf 86' lang='lat' dir='ltr'>rogare</span> <span class='ocrx_word' id='word_1_147' title='bbox 928 2569 1139 2662; x_wconf 86' lang='lat' dir='ltr'>ceperunt,</span> <span class='ocrx_word' id='word_1_148' title='bbox 1173 2569 1220 2637; x_wconf 93' lang='lat' dir='ltr'>ut</span> <span class='ocrx_word' id='word_1_149' title='bbox 1250 2557 1359 2637; x_wconf 91' lang='lat' dir='ltr'>ultra</span> <span class='ocrx_word' id='word_1_150' title='bbox 1388 2555 1519 2637; x_wconf 88' lang='lat' dir='ltr'>honos</span> <span class='ocrx_word' id='word_1_151' title='bbox 1550 2581 1698 2636; x_wconf 86' lang='lat' dir='ltr'>uersus</span> <span class='ocrx_word' id='word_1_152' title='bbox 1731 2577 1799 2632; x_wconf 88' lang='lat' dir='ltr'>oc·</span> 
     </span>
     <span class='ocr_line' id='line_1_17' title="bbox 400 2671 1798 2788; baseline 0.002 -37"><span class='ocrx_word' id='word_1_153' title='bbox 400 2671 607 2752; x_wconf 90' lang='lat' dir='ltr'>cidentcm</span> <span class='ocrx_word' id='word_1_154' title='bbox 636 2672 641 2784; x_wconf 98' lang='grc' dir='ltr'>Ι</span> <span class='ocrx_word' id='word_1_155' title='bbox 669 2674 711 2755; x_wconf 93' lang='lat' dir='ltr'>in</span> <span class='ocrx_word' id='word_1_156' title='bbox 730 2688 877 2757; x_wconf 87' lang='lat' dir='ltr'>terram</span> <span class='ocrx_word' id='word_1_157' title='bbox 898 2679 1105 2784; x_wconf 81' lang='lat' dir='ltr'>pannonio</span> <span class='ocrx_word' id='word_1_158' title='bbox 1122 2679 1439 2788; x_wconf 72' lang='lat' dir='ltr'>descenderent.</span> <span class='ocrx_word' id='word_1_159' title='bbox 1465 2677 1672 2759; x_wconf 84' lang='lat' dir='ltr'>Dicebant</span> <span class='ocrx_word' id='word_1_160' title='bbox 1689 2673 1798 2755; x_wconf 90' lang='lat' dir='ltr'>enim</span> 
     </span>
     <span class='ocr_line' id='line_1_18' title="bbox 401 2793 1799 2908; baseline 0.001 -34"><span class='ocrx_word' id='word_1_161' title='bbox 401 2793 458 2875; x_wconf 91' lang='lat' dir='ltr'>eis</span> <span class='ocrx_word' id='word_1_162' title='bbox 492 2794 562 2896; x_wconf 90' lang='lat' dir='ltr'>sic,</span> <span class='ocrx_word' id='word_1_163' title='bbox 597 2797 706 2902; x_wconf 90' lang='lat' dir='ltr'>quod</span> <span class='ocrx_word' id='word_1_164' title='bbox 740 2811 848 2879; x_wconf 86' lang='lat' dir='ltr'>terra.</span> <span class='ocrx_word' id='word_1_165' title='bbox 875 2803 881 2908; x_wconf 94' lang='grc' dir='ltr'>Ι</span> <span class='ocrx_word' id='word_1_166' title='bbox 910 2800 980 2881; x_wconf 91' lang='lat' dir='ltr'>illa</span> <span class='ocrx_word' id='word_1_167' title='bbox 1012 2801 1133 2884; x_wconf 89' lang='lat' dir='ltr'>nimis</span> <span class='ocrx_word' id='word_1_168' title='bbox 1168 2802 1276 2882; x_wconf 89' lang='lat' dir='ltr'>bona</span> <span class='ocrx_word' id='word_1_169' title='bbox 1309 2813 1428 2900; x_wconf 88' lang='lat' dir='ltr'>esset,</span> <span class='ocrx_word' id='word_1_170' title='bbox 1457 2813 1497 2881; x_wconf 88' lang='lat' dir='ltr'>et</span> <span class='ocrx_word' id='word_1_171' title='bbox 1528 2799 1584 2882; x_wconf 90' lang='lat' dir='ltr'>ibi</span> <span class='ocrx_word' id='word_1_172' title='bbox 1618 2796 1799 2878; x_wconf 87' lang='lat' dir='ltr'>conflue-</span> 
     </span>
     <span class='ocr_line' id='line_1_19' title="bbox 339 2918 1802 3030; baseline 0.002 -34"><span class='ocrx_word' id='word_1_173' title='bbox 339 2925 491 2996; x_wconf 87' lang='lat' dir='ltr'>151·ent</span> <span class='ocrx_word' id='word_1_174' title='bbox 533 2918 775 3001; x_wconf 86' lang='lat' dir='ltr'>nobilissimi</span> <span class='ocrx_word' id='word_1_175' title='bbox 819 2923 966 3025; x_wconf 81' lang='lat' dir='ltr'>fontes,</span> <span class='ocrx_word' id='word_1_176' title='bbox 1008 2948 1184 3030; x_wconf 86' lang='lat' dir='ltr'>quorum</span> <span class='ocrx_word' id='word_1_177' title='bbox 1215 2926 1219 3029; x_wconf 96' lang='grc' dir='ltr'>Ι</span> <span class='ocrx_word' id='word_1_178' title='bbox 1247 2922 1418 3004; x_wconf 89' lang='lat' dir='ltr'>nomina</span> <span class='ocrx_word' id='word_1_179' title='bbox 1459 2923 1536 3003; x_wconf 91' lang='lat' dir='ltr'>hec</span> <span class='ocrx_word' id='word_1_180' title='bbox 1580 2935 1719 3002; x_wconf 84' lang='lat' dir='ltr'>essent</span> <span class='ocrx_word' id='word_1_181' title='bbox 1756 2935 1802 3000; x_wconf 91' lang='lat' dir='ltr'>ut</span> 
     </span>
     <span class='ocr_line' id='line_1_20' title="bbox 399 3040 1801 3154; baseline 0 -34"><span class='ocrx_word' id='word_1_182' title='bbox 399 3065 526 3145; x_wconf 84' lang='lat' dir='ltr'>supra</span> <span class='ocrx_word' id='word_1_183' title='bbox 559 3040 764 3124; x_wconf 81' lang='lat' dir='ltr'>diximus:</span> <span class='ocrx_word' id='word_1_184' title='bbox 799 3043 1005 3128; x_wconf 90' lang='lat' dir='ltr'>danubius</span> <span class='ocrx_word' id='word_1_185' title='bbox 1037 3047 1167 3154; x_wconf 89' lang='lat' dir='ltr'>tyscia</span> <span class='ocrx_word' id='word_1_186' title='bbox 1192 3043 1298 3150; x_wconf 88' lang='lat' dir='ltr'>Wag</span> <span class='ocrx_word' id='word_1_187' title='bbox 1318 3043 1508 3127; x_wconf 90' lang='lat' dir='ltr'>llorisius</span> <span class='ocrx_word' id='word_1_188' title='bbox 1526 3043 1679 3125; x_wconf 87' lang='lat' dir='ltr'>Crisius</span> <span class='ocrx_word' id='word_1_189' title='bbox 1708 3041 1713 3146; x_wconf 95' lang='grc' dir='ltr'>Ι</span> <span class='ocrx_word' id='word_1_190' title='bbox 1741 3056 1801 3121; x_wconf 89' lang='lat' dir='ltr'>te·</span> 
     </span>
     <span class='ocr_line' id='line_1_21' title="bbox 400 3162 1799 3275; baseline 0.001 -34"><span class='ocrx_word' id='word_1_191' title='bbox 400 3187 494 3243; x_wconf 90' lang='lat' dir='ltr'>mus</span> <span class='ocrx_word' id='word_1_192' title='bbox 528 3176 569 3243; x_wconf 86' lang='lat' dir='ltr'>et</span> <span class='ocrx_word' id='word_1_193' title='bbox 603 3165 739 3267; x_wconf 87' lang='lat' dir='ltr'>ceteri,</span> <span class='ocrx_word' id='word_1_194' title='bbox 774 3194 856 3274; x_wconf 88' lang='lat' dir='ltr'>que</span> <span class='ocrx_word' id='word_1_195' title='bbox 889 3168 1012 3248; x_wconf 89' lang='lat' dir='ltr'>etiam</span> <span class='ocrx_word' id='word_1_196' title='bbox 1046 3168 1179 3275; x_wconf 86' lang='lat' dir='ltr'>primo</span> <span class='ocrx_word' id='word_1_197' title='bbox 1211 3167 1357 3250; x_wconf 87' lang='lat' dir='ltr'>fuisset</span> <span class='ocrx_word' id='word_1_198' title='bbox 1387 3179 1495 3248; x_wconf 81' lang='lat' dir='ltr'>terra</span> <span class='ocrx_word' id='word_1_199' title='bbox 1527 3165 1651 3246; x_wconf 88' lang='lat' dir='ltr'>athilc</span> <span class='ocrx_word' id='word_1_200' title='bbox 1684 3162 1799 3268; x_wconf 87' lang='lat' dir='ltr'>regis.</span> 
     </span>
     <span class='ocr_line' id='line_1_22' title="bbox 400 3279 1800 3402; baseline 0.001 -39"><span class='ocrx_word' id='word_1_201' title='bbox 400 3283 453 3363; x_wconf 88' lang='lat' dir='ltr'>Et</span> <span class='ocrx_word' id='word_1_202' title='bbox 484 3279 656 3402; x_wconf 71' lang='lat' dir='ltr'>mortulo</span> <span class='ocrx_word' id='word_1_203' title='bbox 697 3287 767 3369; x_wconf 90' lang='lat' dir='ltr'>illo</span> <span class='ocrx_word' id='word_1_204' title='bbox 809 3303 1161 3398; x_wconf 85' lang='lat' dir='ltr'>prcoccnpasscnt</span> <span class='ocrx_word' id='word_1_205' title='bbox 1202 3289 1361 3371; x_wconf 90' lang='lat' dir='ltr'>romani</span> <span class='ocrx_word' id='word_1_206' title='bbox 1403 3289 1609 3396; x_wconf 82' lang='lat' dir='ltr'>principes</span> <span class='ocrx_word' id='word_1_207' title='bbox 1650 3299 1800 3368; x_wconf 88' lang='lat' dir='ltr'>terram</span> 
     </span>
     <span class='ocr_line' id='line_1_23' title="bbox 402 3407 1801 3522; baseline 0.002 -36"><span class='ocrx_word' id='word_1_208' title='bbox 402 3407 777 3516; x_wconf 82' lang='lat' dir='ltr'>pannonicusque</span> <span class='ocrx_word' id='word_1_209' title='bbox 810 3412 860 3492; x_wconf 91' lang='lat' dir='ltr'>ad</span> <span class='ocrx_word' id='word_1_210' title='bbox 891 3410 896 3522; x_wconf 97' lang='grc' dir='ltr'>Ι</span> <span class='ocrx_word' id='word_1_211' title='bbox 925 3412 1167 3514; x_wconf 84' lang='lat' dir='ltr'>danubium,</span> <span class='ocrx_word' id='word_1_212' title='bbox 1201 3411 1273 3494; x_wconf 87' lang='lat' dir='ltr'>nbi</span> <span class='ocrx_word' id='word_1_213' title='bbox 1310 3410 1626 3494; x_wconf 87' lang='lat' dir='ltr'>collocauissent</span> <span class='ocrx_word' id='word_1_214' title='bbox 1664 3421 1801 3518; x_wconf 88' lang='lat' dir='ltr'>pasto·</span> 
     </span>
     <span class='ocr_line' id='line_1_24' title="bbox 401 3531 1801 3641; baseline 0.001 -33"><span class='ocrx_word' id='word_1_215' title='bbox 401 3555 466 3610; x_wconf 87' lang='lat' dir='ltr'>res</span> <span class='ocrx_word' id='word_1_216' title='bbox 500 3555 609 3612; x_wconf 89' lang='lat' dir='ltr'>suos.</span> <span class='ocrx_word' id='word_1_217' title='bbox 643 3531 808 3614; x_wconf 85' lang='lat' dir='ltr'>Terram</span> <span class='ocrx_word' id='word_1_218' title='bbox 843 3560 943 3615; x_wconf 82' lang='lat' dir='ltr'>uero</span> <span class='ocrx_word' id='word_1_219' title='bbox 977 3561 1058 3641; x_wconf 91' lang='lat' dir='ltr'>que</span> <span class='ocrx_word' id='word_1_220' title='bbox 1091 3535 1198 3616; x_wconf 88' lang='lat' dir='ltr'>iacet</span> <span class='ocrx_word' id='word_1_221' title='bbox 1226 3537 1231 3641; x_wconf 94' lang='grc' dir='ltr'>Ι</span> <span class='ocrx_word' id='word_1_222' title='bbox 1259 3534 1366 3615; x_wconf 88' lang='lat' dir='ltr'>inter</span> <span class='ocrx_word' id='word_1_223' title='bbox 1396 3533 1583 3616; x_wconf 86' lang='lat' dir='ltr'>thisciam</span> <span class='ocrx_word' id='word_1_224' title='bbox 1612 3531 1801 3612; x_wconf 90' lang='lat' dir='ltr'>etdaun·</span> 
     </span>
     <span class='ocr_line' id='line_1_25' title="bbox 340 3649 1801 3762; baseline 0.003 -35"><span class='ocrx_word' id='word_1_225' title='bbox 340 3649 515 3731; x_wconf 84' lang='lat' dir='ltr'>20bium</span> <span class='ocrx_word' id='word_1_226' title='bbox 552 3658 920 3762; x_wconf 88' lang='lat' dir='ltr'>preoccupauissct</span> <span class='ocrx_word' id='word_1_227' title='bbox 951 3657 1029 3738; x_wconf 89' lang='lat' dir='ltr'>sibi</span> <span class='ocrx_word' id='word_1_228' title='bbox 1050 3657 1219 3739; x_wconf 87' lang='lat' dir='ltr'>Keanus</span> <span class='ocrx_word' id='word_1_229' title='bbox 1251 3683 1426 3761; x_wconf 88' lang='lat' dir='ltr'>magnus</span> <span class='ocrx_word' id='word_1_230' title='bbox 1454 3655 1539 3736; x_wconf 84' lang='lat' dir='ltr'>dux</span> <span class='ocrx_word' id='word_1_231' title='bbox 1571 3654 1576 3761; x_wconf 96' lang='grc' dir='ltr'>Ι</span> <span class='ocrx_word' id='word_1_232' title='bbox 1604 3653 1801 3760; x_wconf 83' lang='lat' dir='ltr'>bulgarie,</span> 
     </span>
     <span class='ocr_line' id='line_1_26' title="bbox 404 3773 1803 3885; baseline 0.004 -34"><span class='ocrx_word' id='word_1_233' title='bbox 404 3798 509 3854; x_wconf 89' lang='lat' dir='ltr'>auus</span> <span class='ocrx_word' id='word_1_234' title='bbox 542 3773 672 3856; x_wconf 90' lang='lat' dir='ltr'>salani</span> <span class='ocrx_word' id='word_1_235' title='bbox 704 3775 820 3862; x_wconf 87' lang='lat' dir='ltr'>ducis</span> <span class='ocrx_word' id='word_1_236' title='bbox 853 3807 986 3885; x_wconf 88' lang='lat' dir='ltr'>usquc</span> <span class='ocrx_word' id='word_1_237' title='bbox 1019 3779 1071 3859; x_wconf 89' lang='lat' dir='ltr'>ad</span> <span class='ocrx_word' id='word_1_238' title='bbox 1097 3779 1321 3860; x_wconf 86' lang='lat' dir='ltr'>confinium</span> <span class='ocrx_word' id='word_1_239' title='bbox 1339 3778 1608 3860; x_wconf 86' lang='lat' dir='ltr'>mthenomm</span> <span class='ocrx_word' id='word_1_240' title='bbox 1627 3789 1669 3856; x_wconf 87' lang='lat' dir='ltr'>ct</span> <span class='ocrx_word' id='word_1_241' title='bbox 1696 3775 1701 3880; x_wconf 95' lang='grc' dir='ltr'>Ι</span> <span class='ocrx_word' id='word_1_242' title='bbox 1731 3799 1803 3882; x_wconf 89' lang='lat' dir='ltr'>po·</span> 
     </span>
     <span class='ocr_line' id='line_1_27' title="bbox 405 3894 1803 4004; baseline 0.001 -29"><span class='ocrx_word' id='word_1_243' title='bbox 405 3894 609 4000; x_wconf 83' lang='lat' dir='ltr'>lomnum,</span> <span class='ocrx_word' id='word_1_244' title='bbox 644 3910 685 3978; x_wconf 88' lang='lat' dir='ltr'>ct</span> <span class='ocrx_word' id='word_1_245' title='bbox 715 3901 880 3982; x_wconf 80' lang='lat' dir='ltr'>fecisset</span> <span class='ocrx_word' id='word_1_246' title='bbox 913 3901 968 3982; x_wconf 91' lang='lat' dir='ltr'>ibi</span> <span class='ocrx_word' id='word_1_247' title='bbox 985 3900 1170 3983; x_wconf 88' lang='lat' dir='ltr'>habitare</span> <span class='ocrx_word' id='word_1_248' title='bbox 1196 3901 1357 3983; x_wconf 86' lang='lat' dir='ltr'>sclauos</span> <span class='ocrx_word' id='word_1_249' title='bbox 1380 3915 1420 3982; x_wconf 94' lang='lat' dir='ltr'>ct</span> <span class='ocrx_word' id='word_1_250' title='bbox 1439 3900 1643 4004; x_wconf 84' lang='lat' dir='ltr'>bulgaros.</span> <span class='ocrx_word' id='word_1_251' title='bbox 1673 3899 1678 4004; x_wconf 96' lang='grc' dir='ltr'>Ι</span> <span class='ocrx_word' id='word_1_252' title='bbox 1707 3897 1803 3978; x_wconf 81' lang='lat' dir='ltr'>Tei·-</span> 
     </span>
     <span class='ocr_line' id='line_1_28' title="bbox 408 4021 1804 4128; baseline 0.002 -32"><span class='ocrx_word' id='word_1_253' title='bbox 408 4042 495 4096; x_wconf 91' lang='lat' dir='ltr'>ram</span> <span class='ocrx_word' id='word_1_254' title='bbox 539 4044 638 4099; x_wconf 80' lang='lat' dir='ltr'>uero</span> <span class='ocrx_word' id='word_1_255' title='bbox 681 4047 762 4126; x_wconf 88' lang='lat' dir='ltr'>quc</span> <span class='ocrx_word' id='word_1_256' title='bbox 812 4036 874 4103; x_wconf 84' lang='lat' dir='ltr'>est</span> <span class='ocrx_word' id='word_1_257' title='bbox 907 4024 1011 4103; x_wconf 86' lang='lat' dir='ltr'>inter</span> <span class='ocrx_word' id='word_1_258' title='bbox 1052 4023 1239 4106; x_wconf 87' lang='lat' dir='ltr'>thisciam</span> <span class='ocrx_word' id='word_1_259' title='bbox 1284 4035 1325 4104; x_wconf 90' lang='lat' dir='ltr'>et</span> <span class='ocrx_word' id='word_1_260' title='bbox 1366 4023 1512 4105; x_wconf 90' lang='lat' dir='ltr'>siluam</span> <span class='ocrx_word' id='word_1_261' title='bbox 1555 4021 1679 4126; x_wconf 79' lang='lat' dir='ltr'>igion,</span> <span class='ocrx_word' id='word_1_262' title='bbox 1723 4045 1804 4128; x_wconf 90' lang='lat' dir='ltr'>que</span> 
     </span>
     <span class='ocr_line' id='line_1_29' title="bbox 401 4140 1804 4253; baseline 0.004 -34"><span class='ocrx_word' id='word_1_263' title='bbox 401 4140 509 4220; x_wconf 91' lang='lat' dir='ltr'>iacet</span> <span class='ocrx_word' id='word_1_264' title='bbox 537 4143 542 4248; x_wconf 93' lang='grc' dir='ltr'>Ι</span> <span class='ocrx_word' id='word_1_265' title='bbox 571 4141 622 4222; x_wconf 91' lang='lat' dir='ltr'>ad</span> <span class='ocrx_word' id='word_1_266' title='bbox 657 4141 856 4226; x_wconf 86' lang='lat' dir='ltr'>erdcuclu</span> <span class='ocrx_word' id='word_1_267' title='bbox 888 4173 912 4225; x_wconf 91' lang='lat' dir='ltr'>a</span> <span class='ocrx_word' id='word_1_268' title='bbox 943 4144 1070 4226; x_wconf 88' lang='lat' dir='ltr'>fluuio</span> <span class='ocrx_word' id='word_1_269' title='bbox 1104 4171 1242 4227; x_wconf 91' lang='lat' dir='ltr'>morus</span> <span class='ocrx_word' id='word_1_270' title='bbox 1275 4173 1409 4253; x_wconf 89' lang='lat' dir='ltr'>usquc</span> <span class='ocrx_word' id='word_1_271' title='bbox 1442 4144 1494 4226; x_wconf 91' lang='lat' dir='ltr'>ad</span> <span class='ocrx_word' id='word_1_272' title='bbox 1529 4143 1704 4224; x_wconf 88' lang='lat' dir='ltr'>fluuium</span> <span class='ocrx_word' id='word_1_273' title='bbox 1738 4167 1804 4224; x_wconf 88' lang='lat' dir='ltr'>zo·</span> 
     </span>
     <span class='ocr_line' id='line_1_30' title="bbox 402 4257 1806 4378; baseline 0.003 -35"><span class='ocrx_word' id='word_1_274' title='bbox 402 4291 508 4366; x_wconf 89' lang='lat' dir='ltr'>mus,</span> <span class='ocrx_word' id='word_1_275' title='bbox 542 4257 916 4378; x_wconf 67' lang='lat' dir='ltr'>preoccufpauisset</span> <span class='ocrx_word' id='word_1_276' title='bbox 940 4267 1018 4350; x_wconf 85' lang='lat' dir='ltr'>sibi</span> <span class='ocrx_word' id='word_1_277' title='bbox 1038 4267 1123 4348; x_wconf 84' lang='lat' dir='ltr'>dux</span> <span class='ocrx_word' id='word_1_278' title='bbox 1152 4282 1325 4371; x_wconf 88' lang='lat' dir='ltr'>moront,</span> <span class='ocrx_word' id='word_1_279' title='bbox 1360 4267 1477 4350; x_wconf 91' lang='lat' dir='ltr'>cuius</span> <span class='ocrx_word' id='word_1_280' title='bbox 1508 4291 1639 4373; x_wconf 88' lang='lat' dir='ltr'>nepos</span> <span class='ocrx_word' id='word_1_281' title='bbox 1672 4263 1806 4346; x_wconf 86' lang='lat' dir='ltr'>dictus</span> 
     </span>
     <span class='ocr_line' id='line_1_31' title="bbox 342 4383 1807 4498; baseline -0.001 -31"><span class='ocrx_word' id='word_1_282' title='bbox 342 4386 468 4467; x_wconf 78' lang='lat' dir='ltr'>25est</span> <span class='ocrx_word' id='word_1_283' title='bbox 499 4389 552 4468; x_wconf 90' lang='lat' dir='ltr'>ab</span> <span class='ocrx_word' id='word_1_284' title='bbox 589 4387 784 4490; x_wconf 83' lang='lat' dir='ltr'>hungaris</span> <span class='ocrx_word' id='word_1_285' title='bbox 832 4383 1145 4489; x_wconf 82' lang='lat' dir='ltr'>nio&#39;nmnorout‚</span> <span class='ocrx_word' id='word_1_286' title='bbox 1180 4417 1228 4470; x_wconf 86' lang='lat' dir='ltr'>co</span> <span class='ocrx_word' id='word_1_287' title='bbox 1277 4389 1388 4498; x_wconf 90' lang='lat' dir='ltr'>quod</span> <span class='ocrx_word' id='word_1_288' title='bbox 1437 4389 1577 4496; x_wconf 90' lang='lat' dir='ltr'>plures</span> <span class='ocrx_word' id='word_1_289' title='bbox 1625 4387 1807 4468; x_wconf 88' lang='lat' dir='ltr'>habebat</span> 
     </span>
     <span class='ocr_line' id='line_1_32' title="bbox 404 4508 1807 4622; baseline 0.001 -33"><span class='ocrx_word' id='word_1_290' title='bbox 404 4508 570 4610; x_wconf 86' lang='lat' dir='ltr'>amicas,</span> <span class='ocrx_word' id='word_1_291' title='bbox 605 4522 646 4589; x_wconf 88' lang='lat' dir='ltr'>et</span> <span class='ocrx_word' id='word_1_292' title='bbox 677 4523 828 4591; x_wconf 84' lang='lat' dir='ltr'>tcnam</span> <span class='ocrx_word' id='word_1_293' title='bbox 867 4511 979 4592; x_wconf 89' lang='lat' dir='ltr'>illam</span> <span class='ocrx_word' id='word_1_294' title='bbox 1009 4511 1014 4622; x_wconf 99' lang='grc' dir='ltr'>Ι</span> <span class='ocrx_word' id='word_1_295' title='bbox 1044 4511 1275 4593; x_wconf 87' lang='lat' dir='ltr'>habitarent</span> <span class='ocrx_word' id='word_1_296' title='bbox 1317 4525 1460 4618; x_wconf 83' lang='lat' dir='ltr'>gentes</span> <span class='ocrx_word' id='word_1_297' title='bbox 1502 4509 1574 4618; x_wconf 86' lang='lat' dir='ltr'>qui</span> <span class='ocrx_word' id='word_1_298' title='bbox 1613 4509 1807 4590; x_wconf 83' lang='lat' dir='ltr'>dicuntur·</span> 
     </span>
     <span class='ocr_line' id='line_1_33' title="bbox 405 4630 1804 4741; baseline 0 -30"><span class='ocrx_word' id='word_1_299' title='bbox 405 4657 534 4713; x_wconf 90' lang='lat' dir='ltr'>cozar.</span> <span class='ocrx_word' id='word_1_300' title='bbox 566 4630 732 4712; x_wconf 76' lang='lat' dir='ltr'>&#39;l&#39;cnnm</span> <span class='ocrx_word' id='word_1_301' title='bbox 767 4659 866 4713; x_wconf 83' lang='lat' dir='ltr'>uem</span> <span class='ocrx_word' id='word_1_302' title='bbox 900 4662 981 4741; x_wconf 89' lang='lat' dir='ltr'>quc</span> <span class='ocrx_word' id='word_1_303' title='bbox 1015 4648 1077 4715; x_wconf 87' lang='lat' dir='ltr'>est</span> <span class='ocrx_word' id='word_1_304' title='bbox 1104 4636 1109 4741; x_wconf 94' lang='grc' dir='ltr'>Ι</span> <span class='ocrx_word' id='word_1_305' title='bbox 1139 4661 1163 4714; x_wconf 91' lang='lat' dir='ltr'>a</span> <span class='ocrx_word' id='word_1_306' title='bbox 1198 4633 1325 4715; x_wconf 88' lang='lat' dir='ltr'>fluuio</span> <span class='ocrx_word' id='word_1_307' title='bbox 1358 4633 1536 4740; x_wconf 84' lang='lat' dir='ltr'>mor(u)s</span> <span class='ocrx_word' id='word_1_308' title='bbox 1577 4657 1712 4738; x_wconf 89' lang='lat' dir='ltr'>usque</span> <span class='ocrx_word' id='word_1_309' title='bbox 1755 4630 1804 4712; x_wconf 86' lang='lat' dir='ltr'>ad</span> 
     </span>
     <span class='ocr_line' id='line_1_34' title="bbox 406 4750 1807 4863; baseline 0 -30"><span class='ocrx_word' id='word_1_310' title='bbox 406 4766 586 4836; x_wconf 88' lang='lat' dir='ltr'>castrum</span> <span class='ocrx_word' id='word_1_311' title='bbox 618 4754 751 4836; x_wconf 87' lang='lat' dir='ltr'>vrscia</span> <span class='ocrx_word' id='word_1_312' title='bbox 784 4757 1147 4863; x_wconf 87' lang='lat' dir='ltr'>preoccupauisset</span> <span class='ocrx_word' id='word_1_313' title='bbox 1175 4758 1180 4863; x_wconf 96' lang='grc' dir='ltr'>Ι</span> <span class='ocrx_word' id='word_1_314' title='bbox 1210 4755 1378 4862; x_wconf 91' lang='lat' dir='ltr'>quidam</span> <span class='ocrx_word' id='word_1_315' title='bbox 1411 4755 1498 4836; x_wconf 82' lang='lat' dir='ltr'>dux</span> <span class='ocrx_word' id='word_1_316' title='bbox 1517 4753 1684 4835; x_wconf 91' lang='lat' dir='ltr'>nominc</span> <span class='ocrx_word' id='word_1_317' title='bbox 1700 4750 1807 4858; x_wconf 86' lang='lat' dir='ltr'>glad,</span> 
     </span>
     <span class='ocr_line' id='line_1_35' title="bbox 407 4869 1807 4992; baseline 0 -36"><span class='ocrx_word' id='word_1_318' title='bbox 407 4877 459 4957; x_wconf 89' lang='lat' dir='ltr'>de</span> <span class='ocrx_word' id='word_1_319' title='bbox 493 4876 663 4986; x_wconf 89' lang='lat' dir='ltr'>bundyn</span> <span class='ocrx_word' id='word_1_320' title='bbox 698 4890 830 4958; x_wconf 84' lang='lat' dir='ltr'>castro</span> <span class='ocrx_word' id='word_1_321' title='bbox 864 4905 1051 4983; x_wconf 86' lang='lat' dir='ltr'>egressus</span> <span class='ocrx_word' id='word_1_322' title='bbox 1085 4877 1285 4959; x_wconf 88' lang='lat' dir='ltr'>adiutorio</span> <span class='ocrx_word' id='word_1_323' title='bbox 1304 4869 1598 4992; x_wconf 71' lang='lat' dir='ltr'>culmanorurm</span> <span class='ocrx_word' id='word_1_324' title='bbox 1617 4903 1671 4956; x_wconf 83' lang='lat' dir='ltr'>cx</span> <span class='ocrx_word' id='word_1_325' title='bbox 1689 4873 1807 4956; x_wconf 89' lang='lat' dir='ltr'>cuius</span> 
     </span>
     <span class='ocr_line' id='line_1_36' title="bbox 348 4997 1807 5116; baseline 0.005 -42"><span class='ocrx_word' id='word_1_326' title='bbox 348 5002 396 5074; x_wconf 87' lang='lat'>30</span> <span class='ocrx_word' id='word_1_327' title='bbox 409 4998 604 5114; x_wconf 86' lang='lat' dir='ltr'>progenie</span> <span class='ocrx_word' id='word_1_328' title='bbox 637 4998 782 5083; x_wconf 88' lang='lat' dir='ltr'>ohtum</span> <span class='ocrx_word' id='word_1_329' title='bbox 814 4997 893 5084; x_wconf 85' lang='lat' dir='ltr'>fuit</span> <span class='ocrx_word' id='word_1_330' title='bbox 923 5012 1058 5106; x_wconf 90' lang='lat' dir='ltr'>natus,</span> <span class='ocrx_word' id='word_1_331' title='bbox 1086 5025 1211 5114; x_wconf 90' lang='lat' dir='ltr'>quem</span> <span class='ocrx_word' id='word_1_332' title='bbox 1243 5013 1389 5116; x_wconf 88' lang='lat' dir='ltr'>postea</span> <span class='ocrx_word' id='word_1_333' title='bbox 1405 4997 1526 5112; x_wconf 87' lang='lat' dir='ltr'>longo</span> <span class='ocrx_word' id='word_1_334' title='bbox 1556 5001 1561 5108; x_wconf 95' lang='grc' dir='ltr'>Ι</span> <span class='ocrx_word' id='word_1_335' title='bbox 1589 5007 1684 5112; x_wconf 90' lang='lat' dir='ltr'>post</span> <span class='ocrx_word' id='word_1_336' title='bbox 1702 5006 1807 5082; x_wconf 86' lang='lat' dir='ltr'>tem·</span> 
     </span>
    </p>
   </div>
   <div class='ocr_carea' id='block_1_2' title="bbox 0 0 2041 5776">
    <p class='ocr_par' dir='ltr' id='par_1_2' title="bbox 0 0 2041 5776">
     <span class='ocr_line' id='line_1_37' title="bbox 0 0 2041 5776; baseline 0 0"><span class='ocrx_word' id='word_1_337' title='bbox 0 0 2041 5776; x_wconf 95' lang='lat' dir='ltr'> </span> 
     </span>
    </p>
   </div>
  </div>
 </body>
</html>
