3896 5758
146 763 274 850 Statim
310 780 450 848 autem
482 761 530 847 ut
561 764 782 871 imperator
814 764 1010 866 discessit,
1046 765 1180 873 Geysa
1220 757 1334 846 illinc
1366 791 1448 874 quo
1489 785 1533 849 se

147 905 252 973 caute
286 889 526 991 contulerat,
561 888 602 967 in
634 885 886 992 Hungariam
920 889 1105 968 accessit.
1124 887 1213 968 Rex
1245 901 1386 970 autem
1419 885 1534 970 Salo·

146 1040 242 1116 non,
275 1029 488 1120 tamquam
523 1036 670 1108 nouus,
708 1021 748 1088 et
781 1008 960 1089 necdum
993 1009 1033 1089 in
1066 1036 1193 1115 regno
1226 1011 1453 1114 roboratus,
1483 1011 1533 1092 ti·

147 1163 251 1216 mens
284 1163 336 1215 ne
368 1135 471 1214 forte
504 1133 640 1240 Geysa
681 1159 775 1212 curn
819 1131 1004 1210 exercitu
1047 1131 1238 1239 polonico
1279 1160 1534 1241 supereum

147 1257 314 1360 inueret,
348 1255 558 1363 paulisper
589 1254 820 1335 retrocessit
852 1280 949 1332 cnm
981 1254 1078 1356 sois,
1097 1267 1139 1336 et
1164 1255 1204 1335 in
1230 1270 1363 1337 castro
1380 1254 1534 1338 hlusun

148 1379 408 1461 munitissimo
441 1391 530 1459 tuta
562 1376 737 1458 statione
779 1375 940 1456 resedit.
985 1375 1126 1457 Porrro
1170 1377 1354 1486 episcopi
1392 1391 1434 1458 et
1465 1378 1535 1460 alii

147 1501 211 1582 uiri
240 1502 419 1606 religiosi
451 1501 651 1582 instanter
692 1498 935 1602 satagebant
972 1499 1080 1579 inter
1120 1525 1191 1582 eos
1231 1526 1377 1608 pacem
1421 1527 1533 1580 eom·

148 1651 298 1730 ponere.
331 1622 513 1703 Maxime
547 1617 641 1728 (70)
675 1634 814 1700 autem
848 1617 1087 1703 Desiderius
1125 1622 1345 1730 episcopus
1388 1623 1535 1704 delini·

148 1746 228 1828 tinis
260 1744 633 1827 ammonicionibns
667 1757 708 1823 et
739 1741 931 1824 dulcibus
964 1743 1290 1826 allocucionibus
1308 1745 1393 1826 suis
1426 1744 1534 1825 miti-

148 1869 246 1974 ganit
277 1867 457 1949 animam
493 1867 627 1974 Geyse
661 1865 789 1967 ducis,
823 1877 869 1944 ut
901 1863 1111 1946 Salomoni
1151 1867 1343 1973 quamuis
1386 1866 1534 1948 iuniori

148 2017 304 2096 regnum
341 2018 435 2071 enm
468 2015 572 2095 paco
604 1986 804 2088 redderet,
834 2000 875 2067 et
907 1987 994 2093 ipse
1028 1987 1227 2070 ducatum
1260 2017 1384 2096 quem
1419 2001 1536 2096 pater

149 2112 222 2195 eins
254 2111 456 2194 habuerat
487 2109 658 2218 pacifice
683 2120 855 2189 teneret.
873 2107 1001 2191 Cuius
1033 2110 1269 2192 salubribus
1302 2111 1534 2218 persuasio·

147 2235 256 2318 nibus
289 2235 426 2341 Geyse
458 2232 645 2339 deposito
675 2257 842 2312 rancore
861 2231 1007 2338 paruit.
1027 2231 1072 2312 ln
1089 2233 1194 2314 festo
1212 2247 1351 2315 autern
1370 2249 1535 2316 sancto·

149 2383 224 2436 mm
258 2356 429 2437 Fabiani
447 2368 488 2435 et
519 2353 748 2437 Sebastiam
776 2353 986 2435 martirum
1006 2381 1081 2434 rex
1114 2353 1308 2436 Salomon
1342 2370 1384 2437 et
1400 2356 1537 2464 Geyse

148 2477 220 2559 dux
253 2505 390 2560 coram
423 2477 633 2582 Hungaria
665 2477 705 2556 in
740 2476 852 2556 (leur
883 2503 1030 2582 pacem
1063 2476 1343 2560 firmauerunt.
1374 2477 1535 2558 Deinde

149 2601 283 2682 festum
316 2599 536 2682 Dominiee
579 2598 896 2680 resurreccionis
938 2600 1061 2679 ambo
1105 2599 1228 2682 simul
1270 2628 1366 2681 cnm
1409 2600 1534 2709 plena

148 2723 245 2803 ouria
262 2721 643 2829 Quinqneecelesiis
677 2721 1005 2802 celebrauerunt.
1027 2719 1108 2802 Vbi
1126 2748 1200 2801 rex
1217 2721 1413 2805 Salomon
1444 2723 1535 2830 ipso

147 2843 201 2924 die
230 2845 355 2926 Pasce
390 2844 676 2926 assistentibus
708 2843 824 2948 regni
857 2841 1096 2950 proceribus
1129 2872 1203 2950 per
1227 2871 1376 2927 manus
1399 2845 1535 2954 Geyse

147 2965 249 3050 <lucis
281 2967 574 3048 honorabiliter
606 2979 668 3046 est
701 2977 931 3066 coronatus,
951 2975 991 3045 et
1023 2966 1065 3046 in
1098 2966 1252 3071 regiam
1285 2966 1397 3050 beati
1430 2966 1534 3048 Petri

146 3089 326 3197 principis
359 3089 639 3196 apostolorum
673 3086 883 3169 basilicam
920 3087 971 3166 ad
989 3087 1239 3169 audiendam
1258 3089 1426 3170 missam
1446 3088 1534 3194 glo-

147 3210 236 3292 riose
268 3212 484 3294 deductus.
518 3209 721 3292 Vniuersa
753 3236 848 3314 ergo
882 3210 1142 3314 congregatio
1165 3211 1444 3316 hungarorum
1473 3210 1534 3290 vi·

147 3329 275 3416 dentes
306 3360 454 3440 pacem
488 3332 594 3437 regis
628 3346 668 3412 et
701 3331 817 3413 ducis
851 3343 891 3411 et
925 3345 1110 3412 mutuam
1147 3331 1253 3414 inter
1295 3358 1365 3414 eos
1406 3332 1533 3413 dilec-

148 3453 306 3558 eionem,
349 3455 628 3536 laudauerunt
669 3453 795 3534 deum
840 3453 952 3560 pacis
992 3468 1218 3535 amatorem
1259 3467 1301 3534 et
1331 3454 1440 3534 laeta
1472 3466 1535 3536 est

149 3573 269 3658 leticia
301 3603 450 3682 magna
486 3577 524 3656 in
558 3575 726 3683 populo.
747 3575 875 3654 Nocte
902 3592 1042 3655 autem
1065 3589 1208 3657 secuta
1224 3575 1532 3684 prognosticum

146 3697 268 3779 lutino
299 3699 500 3782 discordie
535 3713 574 3778 et
605 3696 857 3779 tnrbaeionis
891 3697 1092 3803 prouenit.
1110 3697 1254 3780 Totam
1274 3697 1383 3779 enim
1403 3696 1536 3779 eecle-

146 3818 239 3899 siam
269 3823 378 3902 illam
413 3836 453 3900 et
486 3820 623 3901 omnia
656 3819 828 3926 pallaeia
862 3832 1081 3926 ceteraque
1115 3819 1273 3901 edificia
1306 3831 1347 3900 et
1378 3847 1536 3927 appen-

149 3939 281 4023 deneia
322 3943 539 4052 repentina
576 3941 743 4022 flamma
785 3940 991 4047 corripuit,
1034 3959 1074 4021 et
1106 3943 1311 4044 uniuersa,
1345 3957 1536 4024 uastante

145 4060 318 4146 inccndio
353 4078 604 4146 corruerunt.
641 4063 812 4170 rlreepit
845 4075 982 4142 autem
1011 4089 1155 4144 onmes
1183 4064 1304 4145 timor
1321 4091 1392 4170 pre
1411 4065 1538 4146 nimia

147 4189 401 4270 correussionc
433 4185 690 4267 flammarum
725 4183 1004 4281 strideminm,
1024 4203 1064 4266 et
1086 4185 1254 4268 terribili
1271 4189 1406 4268 furore
1424 4214 1536 4268 cam·

147 4331 330 4408 pannum
366 4338 419 4390 ex
453 4309 633 4390 turribus
665 4308 903 4398 ruencinm;
938 4335 1012 4386 nee
1041 4309 1197 4389 sciehat
1215 4309 1435 4416 quisquam
1453 4336 1536 4416 quo

144 4453 185 4504 se
217 4429 443 4513 dimiteret.
485 4431 576 4510 llex
608 4443 647 4510 et
681 4429 766 4509 dux
803 4429 1036 4509 vehementi
1080 4445 1248 4536 stupore
1289 4430 1460 4533 attoniti,
1495 4443 1537 4511 et

140 4550 366 4655 suspicione
409 4552 502 4633 mali
547 4551 629 4632 doli
674 4552 885 4658 perterriti,
930 4552 1174 4656 quantocius
1213 4552 1254 4632 in
1295 4552 1459 4635 diuersa
1490 4579 1535 4636 se

143 4676 439 4757 transtulerunt.
452 4673 571 4754 llane
594 4689 733 4756 autem
749 4674 865 4776 facto,
881 4700 954 4780 per
967 4673 1107 4754 lideles
1127 4673 1298 4755 nuncios
1317 4691 1356 4754 et
1374 4675 1415 4754 in
1429 4674 1535 4757 neri·

146 4806 226 4873 tate
239 4823 364 4880 rernm
379 4809 674 4904 cognonerunt.
689 4795 785 4902 quia
803 4794 925 4874 nichil
941 4796 1034 4875 mali
1054 4821 1104 4874 cx
1122 4809 1294 4904 utraque
1313 4810 1427 4903 parte
1440 4824 1533 4903 per-

145 4913 441 5001 niciosal'raude
457 4921 591 5002 firerat
608 4918 900 5022 excogitatum,
913 4918 984 4996 sed
997 4919 1099 4998 t'orte
1113 4919 1368 5024 inopinatum
1381 4943 1534 5000 euene-

145 5053 204 5116 rat
215 5037 456 5124 incendium.
474 5041 562 5122 Rex
583 5055 622 5120 et
642 5039 727 5122 dux
748 5068 841 5121 emn
856 5041 960 5119 bona
981 5065 1082 5146 paee
1102 5038 1249 5120 iterum
1268 5027 1534 5122 conueniunt.

1397 5190 1432 5252 22
