3898 5752
848 501 1005 610 Λιιι-

228 721 339 796 tcnet:
372 720 533 809 ,Terram
561 720 667 814 illam,
697 742 783 815 quae
811 741 900 795 nunc
918 721 1145 815 Ketelpotaca
1172 725 1323 812 vocatur,
1345 719 1532 815 posteritas
1555 718 1628 796 eins

226 842 268 916 ad
297 845 449 936 tempora
476 842 633 917 Andreae
662 843 756 938 regis
784 844 848 918 filii
876 843 970 918 balvi
997 842 1151 917 Ladislai
1178 843 1334 918 habuit.“
1365 843 1448 937 Cap.
1481 849 1540 918 tb.

382 984 417 1055 2.
446 981 603 1076 Scriptor
629 987 747 1057 noster
773 983 939 1077 populum
966 981 1178 1056 cnrnanicum
1205 987 1286 1076 post
1304 1004 1456 1076 pugnarn
1474 982 1518 1058 ad
1545 980 1628 1056 ciui·

227 1105 333 1178 tatem
358 1104 458 1199 Kyeu
485 1102 650 1198 hungaris
692 1127 799 1198 aequo
841 1105 977 1178 foedere
1019 1103 1173 1179 iunctum
1210 1103 1317 1178 fnisse
1360 1107 1488 1178 narrat.
1534 1105 1631 1192 ,Hoc

227 1223 332 1298 etiem
360 1225 449 1318 qnod
477 1228 579 1301 verbo
607 1224 771 1299 diriernnt
790 1225 890 1300 Almo
911 1226 999 1317 duci,
1021 1225 1117 1299 fide
1107 1230 1276 1301 iurament
1278 1225 1289 1299 i
1310 1249 1402 1301 more
1427 1225 1630 1321 paganismo

227 1345 469 1436 iirrnauerunt3
436 1347 679 1422 tetcodem
706 1348 805 1422 modo
833 1348 902 1422 dux
930 1348 1102 1422 almuset
1089 1348 1183 1422 tsni
1211 1348 1375 1442 primates
1415 1347 1466 1423 eis
1500 1348 1568 1422 fide
1595 1370 1632 1421 se

227 1473 262 1543 et
289 1469 479 1544 iuramento
508 1491 589 1543 cons
591 1469 796 1546 trinorunt.“
829 1493 858 1544 c.
896 1473 952 1546 10.

383 1591 537 1685 Populus
565 1590 621 1665 hic
649 1613 717 1665 una
744 1614 821 1666 cunr
848 1591 948 1666 Almo
978 1595 1012 1666 ct
1038 1591 1205 1687 hungaris
1233 1593 1370 1687 migret,
1400 1615 1440 1668 ac
1469 1591 1631 1686 subiugat

226 1712 453 1804 Pannoniam,
484 1716 517 1787 et
545 1715 584 1786 nt
610 1712 697 1788 fidos
727 1713 976 1788 commilitones
996 1714 1103 1804 decet,
1125 1713 1228 1789 terris
1254 1714 1357 1789 etiam
1375 1714 1510 1809 aliaque
1529 1717 1631 1809 parta

227 1836 355 1930 praeda
381 1835 423 1909 ab
452 1833 569 1928 Arpad
598 1836 681 1910 duce
710 1835 891 1910 donantur.
921 1829 1067 1928 Sompar
1095 1835 1199 1909 etiam
1232 1835 1386 1911 cumanis
1421 1837 1629 1931 cumgente

227 1957 416 2053 hungarica
443 1955 660 2031 connubium.
699 1957 836 2032 Samuel
873 1980 935 2031 rex
962 1957 1129 2052 originem
1162 1980 1182 2032 a
1219 1958 1372 2032 cumanis
1400 1958 1505 2048 ducit,
1534 1959 1630 2052 ipsa·

229 2101 294 2172 que
322 2077 434 2154 sancti
462 2077 555 2173 regis
585 2079 753 2172 Stephani
781 2079 857 2154 auia
884 2078 1050 2154 cumunici
1077 2078 1226 2174 generis.
1268 2081 1387 2172 „Tunc
1414 2080 1483 2154 dnn
1511 2080 1630 2174 Arpad

227 2202 264 2278 in
301 2201 389 2277 silra
416 2203 526 2276 Matre
553 2201 647 2275 dedit
674 2206 801 2276 terram
828 2203 965 2277 Edunec
992 2206 1027 2276 ot
1062 2203 1284 2293 Edumernec,
1321 2203 1378 2278 nbi
1405 2206 1528 2296 postea
1545 2202 1633 2277 Pota

227 2348 334 2420 nepos
363 2346 478 2399 eorum
516 2326 666 2398 castrum
702 2324 908 2416 construxit,
942 2347 985 2397 ex
1018 2345 1160 2418 qnorum
1193 2325 1297 2400 otiam
1328 2323 1491 2421 progenie
1527 2327 1632 2420 longo

226 2452 305 2542 post
333 2451 486 2540 tompore
514 2468 577 2520 rex
605 2446 743 2523 Samuel
770 2445 957 2535 descendit,
989 2446 1047 2540 qni
1079 2470 1142 2542 pro
1170 2469 1233 2522 sua
1272 2447 1404 2540 pietate
1431 2448 1505 2522 Oba
1531 2469 1633 2522 roca·

227 2571 364 2646 batur.“
396 2591 424 2644 c.
453 2569 515 2643 32.
643 2619 645 2623 ,

389 2691 490 2786 ,an
516 2691 618 2764 Zulta
646 2688 745 2764 duxit
772 2689 844 2764 filio
873 2713 935 2764 suo
955 2691 1091 2765 Tocsun
1114 2715 1256 2767 uxorem
1285 2695 1326 2768 de
1354 2699 1447 2767 terra
1474 2713 1633 2766 cumano-

230 2837 317 2889 rum.
346 2814 425 2888 Dux
453 2835 534 2888 aero
562 2813 700 2887 'Pocsnn
726 2810 847 2906 genuit
875 2812 984 2886 filium
1007 2811 1144 2888 nomine
1163 2814 1310 2911 Geysam
1329 2813 1486 2909 quintum
1514 2813 1634 2888 ducem

232 2935 467 3031 Ηιιιιςιιιιιέι
501 2956 529 3010 c.
559 2937 621 3010 57.

386 3059 481 3132 Haec
509 3077 586 3131 sera
613 3057 693 3149 post
720 3056 839 3132 Belarn
867 3057 940 3131 I.t
926 3060 1081 3150 tempora
1108 3057 1283 3150 denotant,
1312 3062 1351 3132 t
1377 3060 1475 3152 patet
1502 3081 1545 3132 ex
1573 3080 1633 3151 ap-

230 3179 418 3275 pellationo
445 3200 740 3268 cumanorum,
770 3180 806 3251 et
833 3200 876 3252 ox
904 3183 1058 3272 etrnporc
1086 3200 1152 3273 quo
1179 3180 1327 3274 populus
1355 3180 1458 3255 huius
1487 3180 1636 3257 nominis

232 3302 381 3398 primum
407 3301 444 3376 in
471 3298 651 3396 Hungaria
679 3299 841 3375 sedeat
806 3303 841 3373 et
868 3299 1041 3375 domicilia
1067 3301 1260 3375 collocarit.

389 3425 522 3498 Nomen
549 3445 779 3512 cumanorum,
810 3425 889 3496 ante
917 3445 1042 3496 annum
1077 3425 1189 3512 1061,
1220 3445 1285 3516 quo
1324 3423 1471 3517 primunr
1500 3447 1518 3499 e
1545 3423 1635 3518 pris·

233 3546 319 3622 tinio
346 3547 389 3620 ad
416 3543 559 3619 Tanaim
589 3542 727 3619 sedibus
757 3543 841 3619 moti
868 3543 1005 3628 Russis,
1027 3543 1151 3637 quibus
1170 3544 1319 3619 Polonci
1347 3545 1549 3620 dicebantur
1576 3569 1635 3620 ne·

234 3669 367 3764 gotium
394 3668 564 3742 iacesmrc
592 3669 788 3759 coeperunt,
809 3665 947 3758 populis
966 3666 1235 3740 occidentatibns
1255 3667 1430 3762 ignotun3
1451 3666 1636 3761 posteriori

235 3793 401 3884 tempore,
431 3787 660 3880 scriptoribus
688 3791 823 3861 tantum
841 3786 1036 3883 byzantinis
1055 3787 1233 3862 usitatum.
1254 3788 1356 3864 Anrra
1375 3791 1546 3864 Gomnena
1565 3788 1637 3863 filia

235 3910 353 3986 Alexii
381 3909 602 4005 imperatoris
631 3909 798 3985 Bissonos
828 3913 862 3982 et
889 3910 1055 3984 Gomanos
1094 3911 1211 3984 eodem
1240 3910 1290 3985 nti
1317 3910 1481 3985 idiomate
1515 3911 1638 3985 scribit

237 4033 339 4108 initio
355 4032 678 4108 seculidnodccimi:
695 4047 839 4126 Πρόσεισι
860 4049 923 4115 adse
946 4043 1099 4124 Κομάνοις
1123 4044 1164 4116 ὡς
1187 4045 1388 4127 ὁμογλώττοις.
1420 4032 1511 4108 Edit.
1524 4035 1635 4108 Bossn.

238 4157 318 4231 VII.
348 4179 376 4231 c.
406 4160 441 4232 5.
469 4178 504 4249 p.
533 4159 622 4230 404.

394 4277 488 4353 Gens
516 4277 584 4351 ista
610 4276 652 4350 ab
680 4274 846 4370 hungaris
875 4273 957 4348 olim
985 4272 1074 4348 sicut
1091 4275 1193 4349 hodie
1211 4275 1281 4350 Onn
1301 4277 1551 4370 appellabatur,
1574 4297 1635 4349 nec
1667 4299 1668 4304 ¹

238 4397 340 4473 aliter
367 4399 603 4474 chronicorum
630 4397 894 4472 domesticorum
930 4395 1117 4489 scriptores
1155 4420 1262 4491 usqne
1300 4397 1448 4471 medinm
1486 4399 1638 4472 seculum

239 4520 475 4596 duodecimum
502 4543 577 4595 earn
604 4519 793 4608 nominant,
823 4515 978 4610 exceptis
1006 4519 1138 4592 dnobus
1165 4517 1263 4606 locis,
1293 4524 1330 4594 ut
1367 4518 1503 4593 uidetur
1530 4517 1637 4592 inter·

237 4641 376 4737 potatis.
407 4642 597 4718 chronicon
626 4641 761 4717 Pictum
788 4639 1054 4716 Vindobonensc
1088 4645 1176 4735 (cap.
1205 4645 1271 4734 47)
1299 4639 1473 4714 Andreem
1509 4643 1543 4714 et
1571 4642 1637 4715 Le-

237 4769 376 4839 ventam
402 4765 529 4840 fratres
548 4787 566 4838 e
583 4763 787 4839 Lodomoria
804 4763 847 4837 ad
875 4785 1089 4838 cumanos
1117 4761 1285 4856 perducit,
1306 4761 1385 4836 inde
1405 4761 1441 4836 in
1461 4761 1636 4838 Russiam.

237 4887 306 4961 Sed
332 4886 467 4962 cumani
494 4889 575 4962 tunc
604 4886 767 4980 temporis
796 4886 945 4960 nondum
973 4884 1022 4959 ibi
1049 4888 1329 4978 comparuerant;
1367 4882 1506 4958 Bisscni
1535 4887 1631 4958 tone-

239 5009 322 5083 bant
349 5007 507 5103 regiones
535 5007 681 5082 Kioviae
708 5005 887 5082 finitimas.
916 5008 1050 5081 Horum
1077 5009 1211 5080 tantum
1238 5003 1393 5081 meminit
1422 5005 1526 5080 etiam
1552 5004 1635 5080 Thi·
