3900 5762
1003 493 1064 564 134

957 587 1112 599 ——u--u—ow

364 846 460 955 (33)
493 847 645 931 XXXI.
677 845 950 930 Recitontur
978 849 1108 930 fecta
1133 854 1339 952 tempore
1366 846 1527 932 'rotun
1554 843 1699 926 ducis

488 1075 711 1184 Postquam
746 1092 886 1160 autem
919 1080 1176 1187 Zuatapolug
1200 1107 1274 1186 per
1290 1104 1468 1184 ungaros
1485 1090 1530 1157 nt
1548 1075 1742 1182 superins

333 1195 490 1278 dictum
525 1212 596 1300 est,
631 1215 816 1299 necatus,
858 1217 898 1282 et
940 1203 1127 1305 hungari
1157 1199 1467 1288 descendissent
1504 1199 1545 1278 iu
1577 1196 1743 1278 Panno·

331 1317 456 1419 niam,
491 1347 669 1426 perses
704 1347 834 1404 annis
868 1350 1009 1404 eornm
1043 1350 1158 1404 anna
1190 1338 1231 1404 ct
1263 1347 1392 1428 equos
1426 1319 1639 1402 meliorare
1667 1345 1742 1402 cu·

330 1456 539 1523 iuuerunt.
574 1445 695 1523 Anno
728 1445 849 1548 igitur
881 1447 1056 1552 septimo
1090 1443 1314 1525 Morauiarn
1350 1458 1389 1523 et
1422 1440 1675 1542 Bohemiam,
1698 1441 1742 1522 in

336 1561 488 1669 quibus
522 1591 570 1645 eo
603 1579 789 1672 tempore
822 1567 907 1648 dux
943 1565 1169 1648 Vratizlaus
1202 1593 1371 1672 regnare
1390 1565 1617 1664 videbatur,
1647 1591 1744 1644 crn-

332 1683 477 1765 deliter
509 1687 803 1794 spoliauerunt.
838 1688 998 1771 Exinde
1032 1717 1126 1770 eum
1161 1689 1332 1770 victoria
1365 1687 1600 1786 redeuntes
1628 1701 1743 1765 treu-

332 1805 392 1911 gis
425 1805 619 1890 ordinatis
652 1837 747 1891 curn
782 1811 938 1918 prefato
972 1812 1077 1892 dncc
1110 1839 1194 1892 uno
1228 1837 1336 1892 rinno
1371 1811 1632 1916 quieueruut.
1645 1805 1744 1886 Post

332 1927 409 2008 hec
442 1927 690 2011 Corinthiam
726 1931 925 2016 hostiliter
956 1933 1169 2034 adeuntes,
1217 1934 1323 2016 ultra
1355 1945 1535 2012 castrum
1569 1928 1739 2036 Leopah

332 2050 418 2132 dux
453 2049 633 2133 Meranie
667 2053 904 2137 Gothfridns
937 2056 1185 2158 nominatus,
1206 2070 1245 2135 et
1279 2054 1363 2134 dns
1385 2049 1743 2134 CarinthieEber-

334 2171 498 2274 hardus,
533 2200 693 2256 necnon
729 2175 947 2282 Gregorius
981 2177 1198 2284 Aquilegie
1222 2175 1452 2284 patriarcha
1473 2173 1571 2282 ipsis
1592 2199 1739 2253 occur·

333 2305 481 2394 rentes,
516 2295 682 2377 insimul
717 2299 907 2380 atrociter
940 2315 1243 2406 pugnauerunt,
1278 2313 1318 2378 et
1351 2296 1613 2403 ‹urarnuisex
1634 2293 1741 2376 hun·

332 2415 437 2520 garis
469 2415 609 2523 plures
642 2418 698 2500 ibi
731 2420 986 2522 cecidissent,
1030 2434 1168 2502 tamen
1214 2421 1359 2501 ambos
1402 2419 1529 2499 duces
1564 2416 1738 2522 hungari

332 2537 582 2642 occiderunt,
616 2543 845 2646 patriarcha
879 2569 976 2624 uero
1009 2570 1083 2652 per
1123 2545 1261 2646 fugam
1307 2541 1522 2622 euadente.
1571 2537 1736 2620 Abinde

333 2659 506 2766 spoliata
539 2658 758 2766 Corinthia,
793 2661 983 2746 Coruiola
1017 2679 1058 2746 et
1089 2663 1219 2764 Stiria,
1255 2692 1350 2745 cum
1385 2663 1569 2742 maxima
1611 2660 1741 2768 preda

333 2797 431 2862 sunt
462 2785 628 2866 reuersi.
666 2785 819 2866 Audito
853 2788 975 2891 igitur
1007 2785 1213 2868 Comardo
1248 2784 1408 2886 Cesare,
1435 2783 1546 2890 quod
1566 2781 1742 2886 hungari

335 2902 496 3010 imperii
529 2907 590 2986 sni
626 2905 802 2988 confinia
835 2909 1064 3011 intrassent,
1097 2909 1309 3014 ducesque
1352 2919 1599 2986 memoratos
1633 2903 1742 2984 oeci·

334 3022 503 3126 dissent,
536 3025 723 3109 decreuit
753 3031 894 3112 venire
928 3032 969 3112 in
1003 3029 1256 3136 hungariam,
1291 3044 1459 3110 etcum
1502 3027 1657 3109 exisset
1690 3025 1741 3105 dc

334 3145 460 3250 Italia,
496 3149 761 3257 venissetque
794 3155 1026 3258 Augustam
1059 3151 1211 3233 ¹Suenie
1245 3151 1467 3251 ciuitatem,
1514 3164 1557 3229 nt
1589 3147 1740 3228 deinde

332 3267 375 3350 in
407 3267 660 3353 Pannoniam
693 3273 911 3357 inuasurus
944 3275 1151 3380 hungaros
1184 3272 1465 3374 descenderet,
1484 3271 1742 3353 interroma-

332 3416 409 3475 nos
442 3391 598 3474 bellurn
632 3410 873 3500 generatum
910 3410 972 3476 est
988 3398 1142 3478 interea
1165 3395 1427 3502 intestinum,
1445 3392 1740 3501 propterquod

333 3513 470 3620 ipsura
506 3516 762 3598 retrocedere
797 3519 1023 3625 oportebat.
1057 3519 1168 3599 luter
1200 3516 1275 3597 hec
1309 3516 1479 3621 hungari
1514 3513 1739 3595 immobili·

335 3649 398 3716 ter
429 3637 546 3718 aunis
580 3639 709 3720 tribus
743 3640 794 3719 ad
821 3639 955 3722 nohas
989 3655 1123 3748 partes
1157 3653 1439 3747 perrexerunt.

542 3895 617 3980 XX
623 3899 680 3979 XI
684 3899 711 3979 I.
744 3894 960 4002 Hungsri
986 3896 1235 3980 decantant
1260 3895 1546 4000 Bulgeriem.

495 4123 615 4206 Anno
649 4138 788 4207 antem
823 4143 967 4234 quarto
1001 4127 1174 4233 hungari
1207 4127 1440 4234 Bnlgarimn
1483 4126 1735 4223 inuaserant,

339 4260 380 4326 et
412 4272 464 4326 ex
500 4273 548 4328 ea
580 4246 818 4330 thesaurum
840 4264 880 4330 et
897 4277 1010 4360 arma
1027 4249 1345 4332 innumerabilia
1360 4247 1586 4347 adduxere,
1605 4258 1739 4327 castra

338 4366 520 4477 ipsorum
555 4383 819 4476 occupantes,
854 4385 895 4452 et
938 4371 1124 4454 ciuitates
1167 4397 1307 4453 eorum
1351 4371 1622 4469 destruentes,
1656 4393 1736 4473 que

336 4489 504 4571 domino
541 4493 806 4592 concedente,
842 4482 882 4574 ct
914 4521 1025 4574 nunc
1044 4493 1199 4574 hahent
1216 4507 1257 4574 ot
1274 4491 1595 4599 possi(34)dent.
1623 4489 1737 4572 Post·

338 4637 462 4720 quam
498 4626 637 4694 autern
671 4631 898 4696 memorata
931 4641 1056 4720 regna
1088 4615 1342 4716 denicemnt,
1375 4639 1449 4721 per
1464 4611 1496 4694 F
1498 4639 1615 4694 orum
1636 4609 1737 4693 dulii

336 4761 471 4840 usque
504 4734 545 4815 iu
579 4736 803 4818 marchiam
823 4737 1107 4842 Longobardie
1140 4736 1409 4834 intrauerunt,
1428 4734 1499 4816 ubi
1525 4733 1736 4815 ciuitatem

337 4857 518 4939 Paduam
553 4857 646 4963 igne
679 4887 727 4940 ae
759 4858 893 4964 gladio
927 4871 1289 4967 consumpserunt.
1323 4856 1506 4938 Exhinc
1540 4855 1736 4936 intrantes

337 4979 625 5064 Lornbardiam
661 4981 826 5064 Linthar
863 4980 1090 5088 Vercellinc
1124 4980 1300 5064 ciuitatis
1329 4979 1572 5089 episcopum
1605 4977 1736 5088 impe·
