3896 5758
813 485 968 596 ...Q

191 743 319 824 equos
353 727 395 796 et
426 711 712 821 supellectilia,
747 739 828 817 qne
863 709 902 790 in
942 723 1085 818 quarta
1118 697 1218 791 feria
1251 737 1275 790 a
1307 737 1428 793 mane
1455 739 1588 824 usque

188 837 238 918 ad
270 837 589 918 inclinacionem
622 834 805 914 meridiei
851 832 972 938 plene
1011 831 1205 937 pellicere
1239 859 1321 914 non
1355 852 1589 942 potuerunt.

189 959 275 1040 Hoc
308 975 450 1040 autem
484 959 576 1038 ideo
619 958 774 1037 factmn
810 973 882 1054 est,
917 969 963 1036 ut
995 953 1102 1057 greci
1137 967 1178 1032 et
1219 953 1477 1064 bulga(76)ri
1519 961 1588 1067 qui

188 1081 497 1178 obsidebantur,
530 1078 720 1160 uidentes
754 1077 951 1172 bissenos,
988 1077 1027 1155 in
1066 1075 1218 1181 quibus
1251 1080 1473 1184 sperabant
1506 1097 1587 1164 tam

188 1203 408 1285 crudeliter
440 1203 492 1284 ab
527 1201 720 1304 lumgaris
753 1200 1031 1299 obtruncatos,
1050 1197 1243 1278 timerent
1260 1215 1301 1278 et
1322 1215 1454 1282 semet
1481 1203 1589 1310 ipsos

189 1355 283 1408 cum
318 1324 486 1405 ciuitate
521 1325 602 1428 regi
638 1337 678 1402 et
710 1321 885 1401 (lucilius
920 1318 1217 1400 cerrrrtraderent.

344 1446 467 1526 Porro
500 1473 574 1525 rex
608 1459 649 1524 et
681 1444 808 1524 duces
841 1442 890 1522 ad
922 1441 1243 1548 expugnandam
1263 1442 1470 1527 claritatem
1491 1474 1589 1528 cou-

191 1569 454 1650 uenieuciora
487 1569 577 1648 loca
609 1564 906 1673 prospicientes
932 1581 1207 1671 preceperunt
1235 1568 1510 1671 ‹rrrpeutariis
1545 1586 1590 1652 ut

192 1691 246 1772 ihi
277 1705 411 1772 turres
445 1690 599 1795 ligneas
633 1703 725 1768 octo
759 1685 1016 1768 altitudinem
1052 1713 1262 1767 murorum
1297 1687 1424 1795 duplo
1465 1718 1589 1798 supe·

192 1825 327 1894 rantes
359 1812 619 1911 labricarcut,
656 1809 764 1890 unde
798 1808 948 1888 milites
983 1809 1020 1888 iu
1057 1807 1236 1890 medium
1273 1809 1448 1894 ciuitatis
1485 1812 1588 1920 lapi·

193 1935 264 2017 des
298 1949 339 2014 et
370 1934 538 2040 sagittas
572 1961 699 2039 super
729 1930 918 2011 homines
953 1930 1188 2012 iacularent.
1214 1931 1589 2016 lutertnnesuero

192 2057 360 2138 totidem
394 2069 599 2136 tormenta
631 2055 681 2134 ad
716 2053 1013 2134 destruendum
1029 2047 1056 2158 ¹)
1076 2080 1214 2134 muros
1233 2069 1466 2156 erexerunt,
1499 2056 1589 2138 lon·

192 2205 261 2284 gos
295 2178 419 2259 etiam
453 2177 616 2284 pluteos
649 2176 699 2256 ad
734 2174 1015 2256 defendendos
1049 2175 1236 2255 introitus
1270 2176 1454 2277 turrium,
1479 2193 1589 2260 cete·

190 2327 317 2408 mque
360 2301 634 2381 instrumenta
674 2296 823 2378 bellica
865 2313 1199 2402 cornposuerunt.
1249 2296 1293 2377 ln
1339 2299 1588 2404 quibusdam

189 2423 330 2530 itaque
364 2421 464 2504 locis
498 2422 793 2504 destruxerunt
826 2445 964 2500 muros
997 2418 1085 2501 eius
1103 2446 1235 2526 usquc
1268 2420 1317 2500 ad
1342 2421 1589 2504 fundamen·

190 2559 290 2648 turn,
325 2544 396 2626 sed
432 2543 640 2625 ciuitatem
677 2569 823 2648 capere
858 2566 939 2626 non
969 2555 1169 2647 poterant,
1203 2527 1301 2648 quia
1332 2569 1421 2653 eam
1448 2545 1588 2627 intrin-

189 2695 311 2750 secus
343 2666 552 2748 fortissimi
589 2664 805 2746 bellatores
838 2663 1128 2744 defendebant.
1155 2663 1418 2748 Obsederunt
1449 2667 1589 2775 itaque

189 2790 400 2872 ciuitatem
443 2787 606 2870 ‹luolms
654 2787 879 2886 mensibus,
918 2785 1021 2865 infra
1057 2812 1160 2892 quos
1203 2787 1342 2894 sepius
1383 2790 1588 2896 congressi

188 2927 286 2994 sunt
326 2937 423 2991 cum
464 2909 689 2992 sarracenis
732 2909 782 2988 de
825 2906 991 2988 ciuitate
1025 2908 1342 3012 egredientibus,
1376 2925 1418 2991 et
1450 2939 1501 2992 ex
1531 2914 1589 2994 eis

188 3034 289 3114 alios
331 3031 582 3131 oeciderunt,
623 3031 723 3111 alios
766 3046 904 3110 autem
946 3030 1207 3134 iugaueruut.
1252 3031 1347 3111 Post
1389 3032 1467 3114 hoc
1507 3048 1589 3117 tres

187 3154 394 3238 sarraceni
422 3153 629 3236 fortissimi
658 3167 698 3232 et
730 3151 991 3233 audacissimi
1026 3152 1077 3232 de
1110 3153 1211 3232 urhe
1229 3153 1457 3259 prosiliunt,
1476 3156 1588 3238 iacu-

188 3279 235 3361 lis
269 3277 426 3358 lanceis
459 3292 500 3356 et
532 3275 687 3380 sagittis
720 3274 863 3355 duram
898 3275 1060 3380 plagam
1096 3273 1288 3380 hungaris
1310 3277 1589 3384 propinantes.

187 3399 385 3482 Salomon
418 3411 557 3480 autem
596 3396 824 3478 balistarius
842 3396 947 3500 regis
965 3424 1094 3478 unum
1129 3395 1292 3477 illorum
1327 3397 1409 3480 ictu
1442 3399 1588 3482 baliste

187 3521 438 3620 fulminauit,
473 3519 590 3600 curius
624 3519 801 3600 cadauer
834 3518 1006 3623 hungari
1038 3519 1276 3608 nitebantur
1306 3545 1462 3627 rapere,
1489 3521 1586 3604 socii

189 3670 286 3726 vero
321 3643 409 3724 eius
442 3642 493 3722 de
527 3642 720 3748 predictis
753 3640 899 3722 aeriter·
931 3640 1476 3724 dimicantesdefenderunt.
1497 3643 1586 3725 Rex

188 3781 328 3848 autem
363 3781 404 3845 et
436 3764 520 3846 dux
556 3763 746 3844 uidentes
780 3790 920 3845 eorum
958 3763 1206 3865 conflictum,
1229 3762 1589 3849 circumstantibus

188 3889 304 3971 aiunt
338 3885 557 3968 militibus:
591 3886 748 3967 utinam
782 3886 950 3992 sanguis
983 3900 1024 3967 et
1065 3912 1135 3966 cor
1167 3883 1488 3970 hlaehabeorum
1530 3890 1588 3970 ef·

189 4009 440 4093 ferbesceret
482 4009 522 4088 iu
558 4007 767 4109 militibus,
802 4009 872 4114 qui
905 4007 1167 4090 defensarent
1200 4007 1405 4116 hungaros
1442 4011 1495 4093 ab
1526 4010 1589 4094 his

188 4129 414 4216 sarracenis
447 4157 520 4238 pre
553 4129 788 4211 municione
821 4125 966 4236 arois²)
999 4129 1195 4212 audacter
1226 4131 1520 4237 pugnantibus,
1543 4147 1589 4216 ut

191 4253 363 4358 hungari
398 4253 577 4334 cadauer
608 4251 811 4334 sarraceni
844 4267 1046 4360 raperent.

346 4373 435 4456 Hoc
467 4374 607 4456 andito
640 4371 797 4480 Obus³)
831 4375 1030 4481 Georgius
1063 4389 1104 4456 et
1136 4375 1235 4458 Bors
1280 4375 1428 4457 milites
1472 4376 1588 4458 belli·

189 4497 286 4594 cosi,
320 4497 523 4578 concitato
558 4497 715 4604 impetu
748 4496 786 4576 in
821 4497 990 4578 modum
1024 4497 1196 4603 fulguris
1231 4498 1434 4579 irruerunt
1459 4525 1584 4606 super

188 4621 292 4704 illos.
334 4619 446 4714 Quos
489 4619 655 4727 quidem
699 4617 814 4701 Obus
858 4619 1030 4701 nimium
1085 4620 1280 4701 audacter
1321 4647 1588 4726 persequens,

189 4769 323 4852 usque
356 4741 409 4822 ad
440 4740 553 4824 urbis
585 4752 724 4849 portas
755 4741 926 4846 fugauit.
961 4741 1213 4847 Pugnatores
1246 4739 1455 4822 iactabant
1486 4741 1588 4850 lapi·

298 4997 324 5094 ¹)
354 4999 590 5074 destruendos.
621 4999 659 5072 T.
691 4997 717 5098 ³)
746 4999 1018 5094 praemunitione
1045 4999 1142 5074 artis.
1173 5001 1201 5090 ³)
1221 4995 1468 5090 opertique
1496 4999 1535 5074 T.
