3900 5762
336 725 405 808 57.
440 725 603 833 Betse¹l
653 755 750 810 rero
791 743 831 810 et
864 731 1044 835 Gregory
1085 727 1272 810 similiter
1319 729 1369 808 de
1411 729 1580 812 Francia

175 850 388 954 generatio
420 851 559 953 oritur,
594 878 646 931 ex
680 851 922 956 cognatione
957 850 1167 931 Gnilielmi
1201 849 1296 930 dicti
1330 848 1496 932 Cornes.

336 973 404 1054 58.
440 973 575 1054 Buzad
605 987 743 1054 autem
772 973 980 1078 generatio
1008 972 1059 1052 de
1088 971 1202 1054 llesn
1222 971 1420 1076 originem
1447 974 1580 1075 trahit,

176 1094 340 1176 nobiles
357 1094 408 1174 de
430 1094 614 1176 districtu
633 1093 851 1176 Wurburc.

307 1249 309 1256 ·
336 1215 404 1296 59.
439 1213 665 1298 llcrmanni
698 1217 902 1324 siquidem
932 1216 1140 1321 generatio
1160 1243 1213 1296 ex
1231 1215 1486 1298 Nurembcro
1504 1219 1583 1298 ori·

173 1353 253 1440 tur,
288 1339 386 1420 satis
418 1351 516 1418 sunt
544 1339 704 1419 nobiles
738 1367 832 1419 cum
867 1339 1007 1442 regina
1040 1338 1155 1420 llisla
1187 1337 1457 1420 intrauerunt.

335 1460 404 1540 60.
422 1459 500 1540 Sed
522 1461 577 1540 illi
597 1461 666 1567 qui
686 1460 851 1542 liodoan
871 1474 913 1541 et
928 1455 1127 1567 Bagatlr²)
1144 1460 1412 1542 nominantur
1439 1489 1580 1544 corum

174 1582 387 1688 generatio
415 1581 466 1662 de
496 1583 664 1663 lloemia
691 1598 823 1663 ortum
851 1583 998 1682 lrabet3
1030 1582 1216 1664 similiter
1244 1597 1285 1662 et
1312 1582 1488 1687 illorum,
1511 1585 1581 1692 qui

174 1705 226 1784 dc
261 1703 400 1785 Lodan
436 1719 533 1786 sunt
565 1705 711 1785 vocati.

334 1828 403 1906 61.
438 1827 644 1907 Comitum
680 1854 776 1908 rcro
805 1825 981 1908 Simonis
1015 1841 1056 1906 et
1087 1827 1219 1909 fratris
1254 1827 1341 1909 cius
1372 1827 1583 1910 Michaelis

174 1948 384 2050 generatio
418 1949 488 2054 qui
523 1947 853 2030 llertinsdorlarii
872 1950 1148 2048 nominantur,
1167 1949 1313 2031 diebus
1347 1951 1451 2056 regis
1471 1951 1582 2032 Emi-

175 2066 289 2175 rici³)
323 2069 392 2150 lilii
426 2070 524 2150 llelc
557 2071 662 2150 tertii
697 2100 790 2152 cum
826 2072 964 2176 regina
985 2071 1225 2152 Constantia
1257 2072 1340 2151 lilia
1357 2073 1461 2176 regis
1483 2078 1583 2152 dra-

102 2215 105 2220 ·
175 2193 308 2296 gorne,
343 2219 423 2297 que
456 2221 564 2273 uxor
594 2187 768 2298 fuerat⁴)
802 2193 906 2297 regis
939 2192 1103 2273 Emirici
1136 2194 1318 2274 honestis
1345 2221 1487 2276 secum
1507 2196 1584 2275 mi-

177 2315 329 2416 litibus,
364 2329 405 2394 et
443 2314 596 2394 tinnilia
638 2315 926 2396 decentissima
968 2315 1219 2417 intrruluctis,
1255 2315 1295 2395 in
1330 2315 1583 2422 Hungariam

177 2436 495 2544 pomposissime
539 2437 732 2518 introiuit.
782 2437 884 2532 Quia
936 2467 1029 2519 cnm
1067 2464 1208 2518 corum
1244 2439 1453 2541 generatio
1487 2467 1582 2519 cum

178 2559 359 2666 quodam
394 2585 543 2664 magno
576 2559 724 2640 comite
758 2586 831 2666 pro
865 2560 980 2641 iustis
1015 2574 1056 2641 ct
1087 2559 1207 2640 certis
1226 2560 1360 2641 causis
1388 2561 1583 2642 continuo

177 2681 404 2782 dimicaret,
438 2681 603 2760 tandem
640 2695 779 2760 (ontra
815 2681 949 2786 ipsum
985 2683 1176 2763 comitem
1212 2682 1441 2763 exercitum
1486 2709 1584 2764 con·

177 2829 351 2909 gregans
384 2803 511 2883 icrtur
543 2803 770 2885 dimicasse.
801 2802 878 2885 Vbi
914 2806 1096 2910 prelatus
1130 2831 1304 2908 magnus
1338 2830 1477 2885 comes
1510 2832 1585 2912 per

178 2923 388 3005 Simonem
423 2937 582 3031 patrem
616 2925 773 3006 scilicet
805 2925 965 3006 comitis
998 2926 1175 3008 Simonis
1209 2939 1250 3006 et
1283 2922 1484 3032 comitis5)
1508 2926 1584 3006 lli·

179 3047 345 3150 chaelis,
379 3073 427 3126 ac
459 3047 717 3128 Bertrammn
752 3048 983 3155 patruelem
1025 3049 1206 3156 ipsorum
1254 3048 1488 3154 captiuatus
1522 3049 1584 3130 iu·

178 3169 356 3276 gulatnr.
390 3167 531 3248 Simon
563 3197 661 3249 vcro
705 3183 747 3250 et
779 3169 1015 3252 Bertramus
1066 3169 1319 3251 inimicitiam
1371 3166 1583 3278 pe1·inde⁰)

180 3292 469 3372 contrahentes
503 3319 598 3372 cum
632 3291 772 3396 regina
805 3308 1032 3373 memorata
1063 3292 1181 3400 primi
1218 3292 1373 3373 adeunt
1405 3292 1446 3371 in
1479 3291 1584 3372 Pan·

181 3415 361 3496 nonianr.
395 3413 578 3508 (luorum
614 3413 782 3519 quidem
818 3413 1115 3518 ingenuitatem
1134 3413 1354 3521 experiens
1380 3441 1453 3494 rex
1471 3413 1584 3494 Emi·

181 3537 288 3619 ricns
322 3536 497 3616 letanter
530 3535 707 3642 excepit,
725 3535 900 3642 latisque
921 3549 962 3617 et
978 3537 1127 3644 amplis
1153 3535 1330 3643 pheudis
1348 3535 1389 3615 in
1411 3534 1584 3618 diuersis

181 3659 391 3764 Hungaric
424 3659 609 3765 partibus
643 3658 825 3740 noscitur
857 3659 1087 3740 inuestisse.
1107 3658 1212 3754 Quia
1247 3684 1343 3738 vcro
1376 3658 1584 3763 generatio

181 3781 393 3890 sepedicta
426 3781 466 3860 in
499 3807 625 3886 regno
659 3780 822 3887 lspanie
872 3781 992 3886 plura
1039 3795 1171 3862 castra
1219 3779 1414 3888 possidet,
1453 3809 1583 3862 unum

182 3921 322 3986 tamen
357 3930 408 3982 ex
443 3901 522 3986 illis
555 3902 695 3982 existit
727 3902 914 4009 capitale,
934 3903 1045 4008 quod
1063 3903 1180 3984 lloiot
1198 3903 1451 4002 nominatum
1473 3903 1585 3984 undo

182 4027 329 4136 prefati
362 4026 533 4107 comites
567 4039 608 4105 et
641 4051 783 4106 corum
816 4052 1075 4130 precessores
1113 4024 1291 4131 primmn
1337 4024 1583 4106 descensum

183 4150 290 4230 circa
322 4146 584 4253 Nergedsccg·
616 4145 733 4226 Boiot
764 4161 1032 4227 rocaucrunt.
1061 4146 1280 4226 Generatio
1315 4171 1483 4252 quoque
1517 4174 1585 4227 eo·

183 4271 358 4354 rundem
393 4269 432 4350 in
467 4282 584 4352 scuto
618 4269 798 4375 aquilam
847 4271 953 4349 ferre
1001 4269 1115 4368 solet,
1150 4294 1273 4374 qnam
1319 4268 1386 4348 alii
1436 4267 1585 4350 milites

184 4393 356 4474 comites
390 4393 428 4473 in
463 4391 627 4500 Ispania
660 4391 817 4471 deferre
852 4417 933 4470 non
968 4405 1226 4498 presumunt.
1249 4389 1586 4497 Eaproptcrqui·

184 4515 291 4616 dem,
325 4515 436 4621 quod
471 4513 697 4595 exercitum
733 4510 898 4592 Soldani
933 4513 984 4592 dc
1026 4512 1207 4610 'l¹unisio,
1242 4511 1313 4618 qui
1351 4509 1584 4592 llaioricam

184 4651 223 4718 ct
254 4636 494 4718 Minoricam
529 4634 684 4718 insulas
718 4661 792 4741 per
823 4661 952 4716 naues
986 4633 1174 4715 intrando
1208 4647 1249 4713 et
1282 4633 1432 4714 classes
1461 4659 1585 4715 occu·

184 4773 401 4867 potierant,
444 4759 589 4839 ceteris
627 4755 825 4836 militibus
862 4756 967 4860 regis
1011 4756 1235 4860 Arragonie
1285 4754 1584 4854 deficientilms,

292 5018 318 5118 ¹)
349 5020 464 5090 Berse.
497 5013 524 5108 ²)
554 5017 696 5090 Baxltatlr.
730 5008 757 5104 ³)
789 5014 944 5088 Enrcrici.
977 5018 1004 5104 ⁴)
1034 5019 1115 5087 crat.
1150 5011 1177 5111 ⁵)
1207 5029 1268 5086 om.
1300 5015 1363 5086 Hc.
1383 5011 1410 5105 ⁴³)
1432 5013 1585 5106 proirnlc.
